day,timestamp,product,bid_price_1,bid_volume_1,bid_price_2,bid_volume_2,bid_price_3,bid_volume_3,ask_price_1,ask_volume_1,ask_price_2,ask_volume_2,ask_price_3,ask_volume_3,mid_price,profit_and_loss,vwap_bid,vwap_ask,vwap_mid,vwap_spread,ret,imbalance,diff
1,0,STARFRUIT,5047,23,0.0,0.0,0.0,0.0,5054,23,0.0,0.0,0.0,0.0,5050.5,0.0,5047.0,5054.0,5050,7.0,-0.495,0.0,
1,100,STARFRUIT,5053,1,5050.0,2.0,5047.0,22.0,5054,22,0.0,0.0,0.0,0.0,5053.5,0.0,5047.48,5054.0,5051,6.520000000000437,0.0001980198019801982,-0.9130434782608695,1.0
1,200,STARFRUIT,5048,1,5047.0,21.0,0.0,0.0,5054,22,0.0,0.0,0.0,0.0,5051.0,0.0,5047.045454545455,5054.0,5051,6.954545454545041,-0.4949,-0.9130434782608695,0.0
1,300,STARFRUIT,5053,1,5047.0,26.0,0.0,0.0,5054,26,0.0,0.0,0.0,0.0,5053.5,0.0,5047.222222222223,5054.0,5051,6.777777777777374,-0.4949,-0.9259259259259259,0.0
1,400,STARFRUIT,5047,28,0.0,0.0,0.0,0.0,5054,28,0.0,0.0,0.0,0.0,5050.5,2.7431640625,5047.0,5054.0,5050,7.0,-0.495,0.0,-1.0
1,500,STARFRUIT,5048,24,0.0,0.0,0.0,0.0,5053,3,5055.0,24.0,0.0,0.0,5050.5,1.52197265625,5048.0,5054.777777777777,5051,6.777777777777374,0.0001980198019801982,0.7777777777777778,1.0
1,600,STARFRUIT,5052,5,5048.0,30.0,0.0,0.0,5055,30,0.0,0.0,0.0,0.0,5053.5,1.54638671875,5048.571428571428,5055.0,5052,6.4285714285715585,-0.4948,-0.7142857142857143,1.0
1,700,STARFRUIT,5048,22,0.0,0.0,0.0,0.0,5055,23,0.0,0.0,0.0,0.0,5051.5,1.7236328125,5048.0,5055.0,5052,7.0,-0.4948,-0.022222222222222223,0.0
1,800,STARFRUIT,5048,25,0.0,0.0,0.0,0.0,5051,3,5055.0,25.0,0.0,0.0,5049.5,1.416015625,5048.0,5054.571428571428,5051,6.5714285714284415,-0.4949,0.7857142857142857,-1.0
1,900,STARFRUIT,5048,21,0.0,0.0,0.0,0.0,5055,21,0.0,0.0,0.0,0.0,5051.5,4.974609375,5048.0,5055.0,5052,7.0,0.00019798059790132605,0.0,1.0
1,1000,STARFRUIT,5049,1,5048.0,30.0,0.0,0.0,5055,31,0.0,0.0,0.0,0.0,5052.0,6.90625,5048.032258064516,5055.0,5052,6.9677419354839,-0.49474947494749477,-0.9375,0.0
1,1100,STARFRUIT,5049,22,0.0,0.0,0.0,0.0,5055,1,5056.0,21.0,0.0,0.0,5052.0,7.6416015625,5049.0,5055.954545454545,5052,6.954545454545041,-0.4948,0.9130434782608695,0.0
1,1200,STARFRUIT,5049,22,0.0,0.0,0.0,0.0,5056,23,0.0,0.0,0.0,0.0,5052.5,9.62890625,5049.0,5056.0,5052,7.0,0.0,-0.022222222222222223,0.0
1,1300,STARFRUIT,5050,25,0.0,0.0,0.0,0.0,5057,25,0.0,0.0,0.0,0.0,5053.5,10.513671875,5050.0,5057.0,5054,7.0,-0.49460000000000004,0.0,2.0
1,1400,STARFRUIT,5049,23,0.0,0.0,0.0,0.0,5052,6,5056.0,23.0,0.0,0.0,5050.5,9.837890625,5049.0,5055.172413793103,5052,6.17241379310326,-0.4948,0.5862068965517241,-2.0
1,1500,STARFRUIT,5054,1,5049.0,21.0,0.0,0.0,5056,21,0.0,0.0,0.0,0.0,5055.0,8.419921875,5049.227272727273,5056.0,5053,6.772727272727025,-0.49464946494649464,-0.9090909090909091,1.0
1,1600,STARFRUIT,5049,30,0.0,0.0,0.0,0.0,5056,30,0.0,0.0,0.0,0.0,5052.5,9.6845703125,5049.0,5056.0,5052,7.0,-0.00019790223629523318,0.0,-1.0
1,1700,STARFRUIT,5049,28,0.0,0.0,0.0,0.0,5054,8,5056.0,28.0,0.0,0.0,5051.5,9.4365234375,5049.0,5055.555555555556,5052,6.555555555555657,-0.4948,0.5555555555555556,0.0
1,1800,STARFRUIT,5051,4,5048.0,23.0,0.0,0.0,5055,23,0.0,0.0,0.0,0.0,5053.0,7.6533203125,5048.444444444444,5055.0,5052,6.555555555555657,-0.4948,-0.7037037037037037,0.0
1,1900,STARFRUIT,5047,32,0.0,0.0,0.0,0.0,5048,1,5054.0,32.0,0.0,0.0,5047.5,6.45703125,5047.0,5053.818181818182,5050,6.8181818181819835,-0.495,0.9393939393939394,-2.0
1,2000,STARFRUIT,5049,2,5048.0,21.0,0.0,0.0,5055,23,0.0,0.0,0.0,0.0,5052.0,12.50390625,5048.086956521739,5055.0,5052,6.913043478260988,0.0003960396039603964,-0.84,2.0
1,2100,STARFRUIT,5048,28,0.0,0.0,0.0,0.0,5053,5,5055.0,28.0,0.0,0.0,5050.5,11.55859375,5048.0,5054.69696969697,5051,6.696969696969973,-0.4949,0.696969696969697,-1.0
1,2200,STARFRUIT,5050,4,5049.0,21.0,0.0,0.0,5055,1,5056.0,20.0,0.0,0.0,5052.5,13.537109375,5049.16,5055.952380952381,5053,6.792380952380881,-0.49470000000000003,0.6,2.0
1,2300,STARFRUIT,5050,5,5049.0,24.0,0.0,0.0,5056,24,0.0,0.0,0.0,0.0,5053.0,14.435546875,5049.172413793103,5056.0,5053,6.82758620689674,-0.49470000000000003,-0.6551724137931034,0.0
1,2400,STARFRUIT,5049,22,0.0,0.0,0.0,0.0,5055,2,5056.0,20.0,0.0,0.0,5052.0,13.474609375,5049.0,5055.909090909091,5052,6.909090909090992,-0.00019790223629523318,0.8333333333333334,-1.0
1,2500,STARFRUIT,5049,2,5048.0,21.0,0.0,0.0,5055,23,0.0,0.0,0.0,0.0,5052.0,12.888671875,5048.086956521739,5055.0,5052,6.913043478260988,-0.4948,-0.84,0.0
1,2600,STARFRUIT,5048,30,0.0,0.0,0.0,0.0,5055,30,0.0,0.0,0.0,0.0,5051.5,11.3388671875,5048.0,5055.0,5052,7.0,-0.4948,0.0,0.0
1,2700,STARFRUIT,5049,7,5048.0,23.0,0.0,0.0,5055,23,0.0,0.0,0.0,0.0,5052.0,12.173828125,5048.233333333334,5055.0,5052,6.766666666666424,-0.4948,-0.5333333333333333,0.0
1,2800,STARFRUIT,5049,27,0.0,0.0,0.0,0.0,5056,27,0.0,0.0,0.0,0.0,5052.5,13.71875,5049.0,5056.0,5052,7.0,0.0,0.0,0.0
1,2900,STARFRUIT,5049,22,0.0,0.0,0.0,0.0,5056,22,0.0,0.0,0.0,0.0,5052.5,13.904296875,5049.0,5056.0,5052,7.0,-0.4948,0.0,0.0
1,3000,STARFRUIT,5054,1,5050.0,5.0,5049.0,30.0,5056,30,0.0,0.0,0.0,0.0,5055.0,13.666015625,5049.277777777777,5056.0,5053,6.722222222222626,-0.49470000000000003,-0.9354838709677419,1.0
1,3100,STARFRUIT,5048,28,0.0,0.0,0.0,0.0,5055,28,0.0,0.0,0.0,0.0,5051.5,14.2236328125,5048.0,5055.0,5052,7.0,-0.4948,0.0,-1.0
1,3200,STARFRUIT,5049,24,0.0,0.0,0.0,0.0,5052,5,5056.0,24.0,0.0,0.0,5050.5,15.4814453125,5049.0,5055.310344827586,5052,6.31034482758605,0.0,0.6551724137931034,0.0
1,3300,STARFRUIT,5050,1,5049.0,24.0,0.0,0.0,5056,25,0.0,0.0,0.0,0.0,5053.0,16.8642578125,5049.04,5056.0,5053,6.960000000000036,-0.49470000000000003,-0.9230769230769231,1.0
1,3400,STARFRUIT,5050,29,0.0,0.0,0.0,0.0,5056,2,5057.0,27.0,0.0,0.0,5053.0,17.283203125,5050.0,5056.931034482759,5053,6.93103448275906,-0.49470000000000003,0.8709677419354839,0.0
1,3500,STARFRUIT,5049,26,0.0,0.0,0.0,0.0,5057,26,0.0,0.0,0.0,0.0,5053.0,16.955078125,5049.0,5057.0,5053,8.0,-0.49470000000000003,0.0,0.0
1,3600,STARFRUIT,5050,27,0.0,0.0,0.0,0.0,5057,27,0.0,0.0,0.0,0.0,5053.5,17.419921875,5050.0,5057.0,5054,7.0,0.00019790223629523318,0.0,1.0
1,3700,STARFRUIT,5050,25,0.0,0.0,0.0,0.0,5057,25,0.0,0.0,0.0,0.0,5053.5,18.314453125,5050.0,5057.0,5054,7.0,-0.49460000000000004,0.0,0.0
1,3800,STARFRUIT,5051,24,0.0,0.0,0.0,0.0,5056,7,5058.0,24.0,0.0,0.0,5053.5,19.8134765625,5051.0,5057.548387096775,5054,6.548387096774604,-0.49460000000000004,0.5483870967741935,0.0
1,3900,STARFRUIT,5051,1,5050.0,26.0,0.0,0.0,5057,26,0.0,0.0,0.0,0.0,5054.0,18.3291015625,5050.037037037037,5057.0,5054,6.962962962962592,-0.49460000000000004,-0.9259259259259259,0.0
1,4000,STARFRUIT,5051,30,0.0,0.0,0.0,0.0,5058,31,0.0,0.0,0.0,0.0,5054.5,19.5244140625,5051.0,5058.0,5054,7.0,0.0,-0.01639344262295082,0.0
1,4100,STARFRUIT,5054,5,5052.0,2.0,5051.0,22.0,5058,24,0.0,0.0,0.0,0.0,5056.0,20.701171875,5051.586206896552,5058.0,5055,6.41379310344837,-0.49450000000000005,-0.6551724137931034,1.0
1,4200,STARFRUIT,5051,29,0.0,0.0,0.0,0.0,5056,7,5058.0,29.0,0.0,0.0,5053.5,19.7822265625,5051.0,5057.611111111111,5054,6.611111111111313,-0.49460000000000004,0.6111111111111112,-1.0
1,4300,STARFRUIT,5052,26,0.0,0.0,0.0,0.0,5054,2,5059.0,26.0,0.0,0.0,5053.0,22.69140625,5052.0,5058.642857142857,5055,6.642857142856883,-0.49450000000000005,0.8571428571428571,1.0
1,4400,STARFRUIT,5052,28,0.0,0.0,0.0,0.0,5059,28,0.0,0.0,0.0,0.0,5055.5,26.580078125,5052.0,5059.0,5056,7.0,0.0001978239366964285,0.0,1.0
1,4500,STARFRUIT,5053,26,0.0,0.0,0.0,0.0,5058,8,5060.0,26.0,0.0,0.0,5055.5,28.4921875,5053.0,5059.529411764706,5056,6.52941176470631,-0.49439999999999995,0.5294117647058824,0.0
1,4600,STARFRUIT,5053,21,0.0,0.0,0.0,0.0,5058,3,5060.0,21.0,0.0,0.0,5055.5,28.75,5053.0,5059.75,5056,6.75,-0.49439999999999995,0.75,0.0
1,4700,STARFRUIT,5053,26,0.0,0.0,0.0,0.0,5060,26,0.0,0.0,0.0,0.0,5056.5,29.87109375,5053.0,5060.0,5056,7.0,-0.49439999999999995,0.0,0.0
1,4800,STARFRUIT,5059,1,5054.0,7.0,5053.0,23.0,5060,23,0.0,0.0,0.0,0.0,5059.5,29.228515625,5053.419354838709,5060.0,5057,6.580645161290704,0.0001977848101266666,-0.9166666666666666,1.0
1,4900,STARFRUIT,5054,2,5053.0,22.0,0.0,0.0,5058,6,5060.0,24.0,0.0,0.0,5056.0,32.681640625,5053.083333333333,5059.6,5056,6.516666666667334,-0.49439999999999995,-0.5,-1.0
1,5000,STARFRUIT,5054,5,5053.0,31.0,0.0,0.0,5060,31,0.0,0.0,0.0,0.0,5057.0,31.982421875,5053.138888888889,5060.0,5057,6.861111111111313,-0.49429999999999996,-0.7222222222222222,1.0
1,5100,STARFRUIT,5053,26,0.0,0.0,0.0,0.0,5060,26,0.0,0.0,0.0,0.0,5056.5,31.8544921875,5053.0,5060.0,5056,7.0,-0.49439999999999995,0.0,-1.0
1,5200,STARFRUIT,5056,5,5054.0,6.0,5053.0,25.0,5060,25,0.0,0.0,0.0,0.0,5058.0,30.861328125,5053.583333333333,5060.0,5057,6.41666666666697,0.0001977848101266666,-0.6666666666666666,1.0
1,5300,STARFRUIT,5054,22,0.0,0.0,0.0,0.0,5061,22,0.0,0.0,0.0,0.0,5057.5,37.4609375,5054.0,5061.0,5058,7.0,-0.4943011397720456,0.0,1.0
1,5400,STARFRUIT,5054,30,0.0,0.0,0.0,0.0,5061,30,0.0,0.0,0.0,0.0,5057.5,40.59375,5054.0,5061.0,5058,7.0,-0.4942,0.0,0.0
1,5500,STARFRUIT,5054,29,0.0,0.0,0.0,0.0,5055,8,5060.0,1.0,5061.0,28.0,5054.5,40.357421875,5054.0,5059.675675675676,5057,5.675675675675848,-0.00019770660340057145,0.5675675675675675,-1.0
1,5600,STARFRUIT,5053,25,0.0,0.0,0.0,0.0,5060,25,0.0,0.0,0.0,0.0,5056.5,51.8828125,5053.0,5060.0,5056,7.0,-0.49439999999999995,0.0,-1.0
1,5700,STARFRUIT,5055,3,5054.0,31.0,0.0,0.0,5060,1,5061.0,30.0,0.0,0.0,5057.5,58.15625,5054.088235294118,5060.967741935484,5058,6.879506641365879,-0.4942,0.5,2.0
1,5800,STARFRUIT,5054,30,0.0,0.0,0.0,0.0,5061,30,0.0,0.0,0.0,0.0,5057.5,61.296875,5054.0,5061.0,5058,7.0,-0.4942,0.0,0.0
1,5900,STARFRUIT,5054,23,0.0,0.0,0.0,0.0,5061,23,0.0,0.0,0.0,0.0,5057.5,60.1484375,5054.0,5061.0,5058,7.0,0.0,0.0,0.0
1,6000,STARFRUIT,5053,30,0.0,0.0,0.0,0.0,5060,30,0.0,0.0,0.0,0.0,5056.5,54.9140625,5053.0,5060.0,5056,7.0,-0.49439999999999995,0.0,-2.0
1,6100,STARFRUIT,5054,25,0.0,0.0,0.0,0.0,5061,25,0.0,0.0,0.0,0.0,5057.5,62.3828125,5054.0,5061.0,5058,7.0,-0.4942,0.0,2.0
1,6200,STARFRUIT,5060,1,5054.0,30.0,0.0,0.0,5061,30,0.0,0.0,0.0,0.0,5060.5,66.8359375,5054.193548387097,5061.0,5058,6.806451612903402,-0.4942,-0.9354838709677419,0.0
1,6300,STARFRUIT,5054,22,0.0,0.0,0.0,0.0,5062,22,0.0,0.0,0.0,0.0,5058.0,72.046875,5054.0,5062.0,5058,8.0,0.0,0.0,0.0
1,6400,STARFRUIT,5054,24,0.0,0.0,0.0,0.0,5061,24,0.0,0.0,0.0,0.0,5057.5,104.1591796875,5054.0,5061.0,5058,7.0,-0.4942,0.0,0.0
1,6500,STARFRUIT,5054,22,0.0,0.0,0.0,0.0,5061,22,0.0,0.0,0.0,0.0,5057.5,104.3017578125,5054.0,5061.0,5058,7.0,-0.4942,0.0,0.0
1,6600,STARFRUIT,5055,29,0.0,0.0,0.0,0.0,5056,7,5062.0,29.0,0.0,0.0,5055.5,105.52734375,5055.0,5060.833333333333,5058,5.83333333333303,-0.4942,0.6111111111111112,0.0
1,6700,STARFRUIT,5054,31,0.0,0.0,0.0,0.0,5059,7,5061.0,31.0,0.0,0.0,5056.5,113.16796875,5054.0,5060.631578947368,5057,6.631578947368325,-0.00019770660340057145,0.631578947368421,-1.0
1,6800,STARFRUIT,5056,4,5054.0,2.0,5053.0,29.0,5060,31,0.0,0.0,0.0,0.0,5058.0,109.8984375,5053.4,5060.0,5057,6.600000000000364,-0.49429999999999996,-0.7714285714285715,0.0
1,6900,STARFRUIT,5053,29,0.0,0.0,0.0,0.0,5058,3,5060.0,29.0,0.0,0.0,5055.5,107.3515625,5053.0,5059.8125,5056,6.8125,-0.49439999999999995,0.8125,-1.0
1,7000,STARFRUIT,5055,7,5054.0,31.0,0.0,0.0,5061,31,0.0,0.0,0.0,0.0,5058.0,113.296875,5054.184210526316,5061.0,5058,6.815789473684163,-0.4942,-0.631578947368421,2.0
1,7100,STARFRUIT,5054,31,0.0,0.0,0.0,0.0,5061,31,0.0,0.0,0.0,0.0,5057.5,116.77734375,5054.0,5061.0,5058,7.0,0.0,0.0,0.0
1,7200,STARFRUIT,5056,6,5055.0,23.0,0.0,0.0,5062,23,0.0,0.0,0.0,0.0,5059.0,120.85546875,5055.206896551724,5062.0,5059,6.79310344827627,-0.493998799759952,-0.5862068965517241,1.0
1,7300,STARFRUIT,5055,1,5054.0,25.0,0.0,0.0,5061,26,0.0,0.0,0.0,0.0,5058.0,118.1328125,5054.038461538462,5061.0,5058,6.961538461538112,-0.4942,-0.9259259259259259,-1.0
1,7400,STARFRUIT,5055,22,0.0,0.0,0.0,0.0,5062,22,0.0,0.0,0.0,0.0,5058.5,122.16015625,5055.0,5062.0,5058,7.0,-0.4942,0.0,0.0
1,7500,STARFRUIT,5055,29,0.0,0.0,0.0,0.0,5060,3,5062.0,29.0,0.0,0.0,5057.5,157.48828125,5055.0,5061.8125,5058,6.8125,0.0,0.8125,0.0
1,7600,STARFRUIT,5054,27,0.0,0.0,0.0,0.0,5061,27,0.0,0.0,0.0,0.0,5057.5,159.90625,5054.0,5061.0,5058,7.0,-0.4942,0.0,0.0
1,7700,STARFRUIT,5054,26,0.0,0.0,0.0,0.0,5061,26,0.0,0.0,0.0,0.0,5057.5,160.046875,5054.0,5061.0,5058,7.0,-0.4942,0.0,0.0
1,7800,STARFRUIT,5055,1,5054.0,23.0,0.0,0.0,5061,23,0.0,0.0,0.0,0.0,5058.0,158.27734375,5054.041666666667,5061.0,5058,6.95833333333303,-0.4942,-0.9166666666666666,0.0
1,7900,STARFRUIT,5055,2,5054.0,22.0,0.0,0.0,5061,24,0.0,0.0,0.0,0.0,5058.0,158.671875,5054.083333333333,5061.0,5058,6.91666666666697,0.0,-0.8461538461538461,0.0
1,8000,STARFRUIT,5059,1,5057.0,3.0,5054.0,30.0,5061,30,0.0,0.0,0.0,0.0,5060.0,160.99609375,5054.411764705882,5061.0,5058,6.588235294118022,-0.4942,-0.9354838709677419,0.0
1,8100,STARFRUIT,5054,25,0.0,0.0,0.0,0.0,5061,25,0.0,0.0,0.0,0.0,5057.5,163.5703125,5054.0,5061.0,5058,7.0,-0.4942,0.0,0.0
1,8200,STARFRUIT,5054,27,0.0,0.0,0.0,0.0,5061,27,0.0,0.0,0.0,0.0,5057.5,163.365234375,5054.0,5061.0,5058,7.0,-0.4942,0.0,0.0
1,8300,STARFRUIT,5054,28,0.0,0.0,0.0,0.0,5061,28,0.0,0.0,0.0,0.0,5057.5,163.0546875,5054.0,5061.0,5058,7.0,0.0,0.0,0.0
1,8400,STARFRUIT,5055,29,0.0,0.0,0.0,0.0,5062,29,0.0,0.0,0.0,0.0,5058.5,161.7578125,5055.0,5062.0,5058,7.0,-0.4942,0.0,0.0
1,8500,STARFRUIT,5055,10,5054.0,25.0,0.0,0.0,5061,2,5062.0,25.0,0.0,0.0,5058.0,162.08203125,5054.285714285715,5061.925925925926,5058,7.640211640211419,-0.4942,0.6666666666666666,0.0
1,8600,STARFRUIT,5055,2,5054.0,27.0,0.0,0.0,5061,29,0.0,0.0,0.0,0.0,5058.0,162.53125,5054.068965517241,5061.0,5058,6.93103448275906,-0.4942,-0.8709677419354839,0.0
1,8700,STARFRUIT,5059,1,5055.0,8.0,5054.0,24.0,5061,24,0.0,0.0,0.0,0.0,5060.0,165.044921875,5054.393939393939,5061.0,5058,6.606060606060964,0.0,-0.92,0.0
1,8800,STARFRUIT,5054,1,5053.0,30.0,0.0,0.0,5060,1,5061.0,30.0,0.0,0.0,5057.0,169.18359375,5053.032258064516,5060.967741935484,5057,7.935483870967801,-0.49429999999999996,0.0,-1.0
1,8900,STARFRUIT,5055,2,5054.0,26.0,0.0,0.0,5061,26,0.0,0.0,0.0,0.0,5058.0,166.60546875,5054.071428571428,5061.0,5058,6.9285714285715585,-0.4942,-0.8571428571428571,1.0
1,9000,STARFRUIT,5054,23,0.0,0.0,0.0,0.0,5061,23,0.0,0.0,0.0,0.0,5057.5,163.90625,5054.0,5061.0,5058,7.0,-0.4942,0.0,0.0
1,9100,STARFRUIT,5056,5,5055.0,22.0,0.0,0.0,5062,22,0.0,0.0,0.0,0.0,5059.0,161.81640625,5055.185185185185,5062.0,5059,6.814814814814781,0.00019770660340046042,-0.6296296296296297,1.0
1,9200,STARFRUIT,5056,3,5055.0,27.0,0.0,0.0,5061,2,5062.0,25.0,0.0,0.0,5058.5,161.984375,5055.1,5061.925925925926,5059,6.8259259259257306,-0.4941,0.2,0.0
1,9300,STARFRUIT,5055,30,0.0,0.0,0.0,0.0,5062,30,0.0,0.0,0.0,0.0,5058.5,159.5703125,5055.0,5062.0,5058,7.0,-0.4943516944916525,0.0,-1.0
1,9400,STARFRUIT,5056,3,5055.0,30.0,0.0,0.0,5062,30,0.0,0.0,0.0,0.0,5059.0,159.08984375,5055.090909090909,5062.0,5059,6.909090909090992,-0.4941,-0.8181818181818182,1.0
1,9500,STARFRUIT,5055,26,0.0,0.0,0.0,0.0,5062,26,0.0,0.0,0.0,0.0,5058.5,160.181640625,5055.0,5062.0,5058,7.0,-0.00019766752322591952,0.0,-1.0
1,9600,STARFRUIT,5056,1,5055.0,20.0,0.0,0.0,5062,21,0.0,0.0,0.0,0.0,5059.0,158.271484375,5055.047619047619,5062.0,5059,6.952380952380736,-0.4941,-0.9090909090909091,1.0
1,9700,STARFRUIT,5056,31,0.0,0.0,0.0,0.0,5059,5,5061.0,5.0,5063.0,31.0,5057.5,154.33984375,5056.0,5062.268292682927,5059,6.268292682926585,-0.4941,0.7222222222222222,0.0
1,9800,STARFRUIT,5056,26,0.0,0.0,0.0,0.0,5062,2,5063.0,24.0,0.0,0.0,5059.0,156.87158203125,5056.0,5062.923076923077,5059,6.923076923077133,0.0,0.8571428571428571,0.0
1,9900,STARFRUIT,5055,24,0.0,0.0,0.0,0.0,5062,24,0.0,0.0,0.0,0.0,5058.5,157.13623046875,5055.0,5062.0,5058,7.0,-0.4942,0.0,-1.0
1,10000,STARFRUIT,5055,27,0.0,0.0,0.0,0.0,5062,27,0.0,0.0,0.0,0.0,5058.5,157.4384765625,5055.0,5062.0,5058,7.0,-0.4942,0.0,0.0
1,10100,STARFRUIT,5055,21,0.0,0.0,0.0,0.0,5060,5,5062.0,21.0,0.0,0.0,5057.5,157.60888671875,5055.0,5061.615384615385,5058,6.615384615384755,-0.4942505749425058,0.6153846153846154,0.0
1,10200,STARFRUIT,5055,20,0.0,0.0,0.0,0.0,5062,20,0.0,0.0,0.0,0.0,5058.5,157.810546875,5055.0,5062.0,5058,7.0,0.0,0.0,0.0
1,10300,STARFRUIT,5056,5,5055.0,25.0,0.0,0.0,5062,25,0.0,0.0,0.0,0.0,5059.0,157.6572265625,5055.166666666667,5062.0,5059,6.83333333333303,-0.4941,-0.6666666666666666,1.0
1,10400,STARFRUIT,5055,25,0.0,0.0,0.0,0.0,5062,25,0.0,0.0,0.0,0.0,5058.5,160.328125,5055.0,5062.0,5058,7.0,-0.4942,0.0,-1.0
1,10500,STARFRUIT,5056,8,5055.0,26.0,0.0,0.0,5062,26,0.0,0.0,0.0,0.0,5059.0,160.7353515625,5055.235294117647,5062.0,5059,6.764705882353155,-0.4941,-0.5294117647058824,1.0
1,10600,STARFRUIT,5060,3,5055.0,20.0,0.0,0.0,5062,20,0.0,0.0,0.0,0.0,5061.0,160.271484375,5055.652173913043,5062.0,5059,6.347826086956957,0.0,-0.7391304347826086,0.0
1,10700,STARFRUIT,5056,7,5055.0,24.0,0.0,0.0,5062,24,0.0,0.0,0.0,0.0,5059.0,164.2578125,5055.225806451613,5062.0,5059,6.774193548387302,-0.4941,-0.5483870967741935,0.0
1,10800,STARFRUIT,5057,6,5056.0,23.0,0.0,0.0,5063,23,0.0,0.0,0.0,0.0,5060.0,161.490234375,5056.206896551724,5063.0,5060,6.79310344827627,-0.494,-0.5862068965517241,1.0
1,10900,STARFRUIT,5055,23,0.0,0.0,0.0,0.0,5058,6,5062.0,23.0,0.0,0.0,5056.5,171.88671875,5055.0,5061.172413793103,5058,6.17241379310326,-0.4941494149414941,0.5862068965517241,-2.0
1,11000,STARFRUIT,5055,27,0.0,0.0,0.0,0.0,5060,2,5061.0,1.0,5062.0,26.0,5057.5,167.61328125,5055.0,5061.827586206897,5058,6.82758620689674,0.0,0.8620689655172413,0.0
1,11100,STARFRUIT,5056,1,5055.0,31.0,0.0,0.0,5061,1,5062.0,30.0,0.0,0.0,5058.5,167.3515625,5055.03125,5061.967741935484,5058,6.9364919354839,-0.4942,0.0,0.0
1,11200,STARFRUIT,5055,30,0.0,0.0,0.0,0.0,5060,5,5062.0,30.0,0.0,0.0,5057.5,170.73046875,5055.0,5061.714285714285,5058,6.7142857142853245,-0.4942,0.7142857142857143,0.0
1,11300,STARFRUIT,5055,2,5054.0,25.0,0.0,0.0,5061,27,0.0,0.0,0.0,0.0,5058.0,165.8671875,5054.074074074074,5061.0,5058,6.925925925926094,-0.4942,-0.8620689655172413,0.0
1,11400,STARFRUIT,5054,30,0.0,0.0,0.0,0.0,5061,30,0.0,0.0,0.0,0.0,5057.5,165.625,5054.0,5061.0,5058,7.0,0.0,0.0,0.0
1,11500,STARFRUIT,5055,1,5054.0,28.0,0.0,0.0,5059,5,5061.0,29.0,0.0,0.0,5057.0,165.890625,5054.0344827586205,5060.705882352941,5057,6.671399594320974,-0.49429999999999996,-0.6666666666666666,-1.0
1,11600,STARFRUIT,5055,24,0.0,0.0,0.0,0.0,5060,7,5061.0,2.0,5062.0,22.0,5057.5,167.9375,5055.0,5061.4838709677415,5058,6.483870967741495,-0.4942,0.5483870967741935,1.0
1,11700,STARFRUIT,5057,4,5054.0,22.0,0.0,0.0,5061,22,0.0,0.0,0.0,0.0,5059.0,163.22265625,5054.461538461538,5061.0,5058,6.538461538461888,-0.4942,-0.6923076923076923,0.0
1,11800,STARFRUIT,5055,5,5054.0,21.0,0.0,0.0,5056,4,5061.0,22.0,0.0,0.0,5055.5,166.609375,5054.192307692308,5060.2307692307695,5057,6.038461538461888,-0.00019770660340057145,0.1111111111111111,-1.0
1,11900,STARFRUIT,5057,4,5054.0,23.0,0.0,0.0,5061,23,0.0,0.0,0.0,0.0,5059.0,169.390625,5054.444444444444,5061.0,5058,6.555555555555657,-0.4942,-0.7037037037037037,1.0
1,12000,STARFRUIT,5054,28,0.0,0.0,0.0,0.0,5060,1,5061.0,27.0,0.0,0.0,5057.0,164.52734375,5054.0,5060.964285714285,5057,6.9642857142853245,-0.49440111977604484,0.9310344827586207,-1.0
1,12100,STARFRUIT,5054,2,5053.0,23.0,0.0,0.0,5060,2,5061.0,23.0,0.0,0.0,5057.0,164.1875,5053.08,5060.92,5057,7.8400000000001455,-0.49424942494249424,0.0,0.0
1,12200,STARFRUIT,5054,25,0.0,0.0,0.0,0.0,5061,25,0.0,0.0,0.0,0.0,5057.5,167.4140625,5054.0,5061.0,5058,7.0,0.00019774569903097117,0.0,1.0
1,12300,STARFRUIT,5055,4,5054.0,25.0,0.0,0.0,5061,25,0.0,0.0,0.0,0.0,5058.0,170.6640625,5054.137931034483,5061.0,5058,6.86206896551721,-0.4942,-0.7241379310344828,0.0
1,12400,STARFRUIT,5054,29,0.0,0.0,0.0,0.0,5061,29,0.0,0.0,0.0,0.0,5057.5,165.9609375,5054.0,5061.0,5058,7.0,-0.4942,0.0,0.0
1,12500,STARFRUIT,5056,3,5054.0,1.0,5053.0,22.0,5060,1,5061.0,22.0,0.0,0.0,5058.0,163.9453125,5053.384615384615,5060.95652173913,5057,7.571906354514795,-0.49429999999999996,0.5,-1.0
1,12600,STARFRUIT,5056,4,5053.0,26.0,0.0,0.0,5060,26,0.0,0.0,0.0,0.0,5058.0,158.28515625,5053.4,5060.0,5057,6.600000000000364,0.0,-0.7333333333333333,0.0
1,12700,STARFRUIT,5054,1,5053.0,27.0,0.0,0.0,5060,28,0.0,0.0,0.0,0.0,5057.0,161.8359375,5053.035714285715,5060.0,5057,6.9642857142853245,-0.49429999999999996,-0.9310344827586207,0.0
1,12800,STARFRUIT,5057,4,5054.0,30.0,0.0,0.0,5060,2,5061.0,28.0,0.0,0.0,5058.5,165.3984375,5054.35294117647,5060.933333333333,5058,6.580392156863127,-0.4942,0.3333333333333333,1.0
1,12900,STARFRUIT,5054,23,0.0,0.0,0.0,0.0,5059,2,5061.0,23.0,0.0,0.0,5056.5,167.2890625,5054.0,5060.84,5057,6.8400000000001455,-0.49429999999999996,0.84,-1.0
1,13000,STARFRUIT,5054,32,0.0,0.0,0.0,0.0,5061,32,0.0,0.0,0.0,0.0,5057.5,171.38671875,5054.0,5061.0,5058,7.0,0.00019774569903097117,0.0,1.0
1,13100,STARFRUIT,5054,21,0.0,0.0,0.0,0.0,5057,2,5061.0,21.0,0.0,0.0,5055.5,166.37890625,5054.0,5060.652173913043,5057,6.652173913043043,-0.49429999999999996,0.8260869565217391,-1.0
1,13200,STARFRUIT,5059,1,5055.0,7.0,5054.0,31.0,5060,2,5061.0,29.0,0.0,0.0,5059.5,164.8828125,5054.307692307692,5060.935483870968,5058,6.627791563275423,-0.4942,-0.3333333333333333,1.0
1,13300,STARFRUIT,5054,1,5053.0,22.0,0.0,0.0,5060,1,5061.0,22.0,0.0,0.0,5057.0,166.1875,5053.04347826087,5060.95652173913,5057,7.913043478260079,-0.49429999999999996,0.0,-1.0
1,13400,STARFRUIT,5053,26,0.0,0.0,0.0,0.0,5060,26,0.0,0.0,0.0,0.0,5056.5,163.14453125,5053.0,5060.0,5056,7.0,-0.0001977456990310822,0.0,-1.0
1,13500,STARFRUIT,5053,25,0.0,0.0,0.0,0.0,5060,25,0.0,0.0,0.0,0.0,5056.5,158.2734375,5053.0,5060.0,5056,7.0,-0.49439999999999995,0.0,0.0
1,13600,STARFRUIT,5052,26,0.0,0.0,0.0,0.0,5057,3,5059.0,26.0,0.0,0.0,5054.5,151.96875,5052.0,5058.793103448276,5055,6.79310344827627,-0.49450000000000005,0.7931034482758621,-1.0
1,13700,STARFRUIT,5052,28,0.0,0.0,0.0,0.0,5059,28,0.0,0.0,0.0,0.0,5055.5,154.875,5052.0,5059.0,5056,7.0,-0.49439999999999995,0.0,1.0
1,13800,STARFRUIT,5052,23,0.0,0.0,0.0,0.0,5059,23,0.0,0.0,0.0,0.0,5055.5,155.0078125,5052.0,5059.0,5056,7.0,0.0,0.0,0.0
1,13900,STARFRUIT,5053,21,0.0,0.0,0.0,0.0,5054,3,5059.0,1.0,5060.0,20.0,5053.5,158.16796875,5053.0,5059.208333333333,5056,6.20833333333303,-0.49439999999999995,0.75,0.0
1,14000,STARFRUIT,5054,2,5053.0,29.0,0.0,0.0,5059,1,5060.0,28.0,0.0,0.0,5056.5,163.0390625,5053.064516129032,5059.9655172413795,5057,6.9010011123473305,-0.49429999999999996,0.3333333333333333,1.0
1,14100,STARFRUIT,5053,22,0.0,0.0,0.0,0.0,5060,22,0.0,0.0,0.0,0.0,5056.5,168.7890625,5053.0,5060.0,5056,7.0,-0.49439999999999995,0.0,-1.0
1,14200,STARFRUIT,5053,21,0.0,0.0,0.0,0.0,5060,21,0.0,0.0,0.0,0.0,5056.5,183.9375,5053.0,5060.0,5056,7.0,0.0,0.0,0.0
1,14300,STARFRUIT,5054,22,0.0,0.0,0.0,0.0,5061,22,0.0,0.0,0.0,0.0,5057.5,205.375,5054.0,5061.0,5058,7.0,-0.4942,0.0,2.0
1,14400,STARFRUIT,5055,1,5054.0,21.0,0.0,0.0,5061,23,0.0,0.0,0.0,0.0,5058.0,213.3125,5054.045454545455,5061.0,5058,6.954545454545041,-0.4942505749425058,-0.9166666666666666,0.0
1,14500,STARFRUIT,5055,1,5054.0,28.0,0.0,0.0,5059,6,5061.0,29.0,0.0,0.0,5057.0,213.9140625,5054.0344827586205,5060.657142857143,5057,6.622660098522829,-0.00019770660340057145,-0.7142857142857143,-1.0
1,14600,STARFRUIT,5055,28,0.0,0.0,0.0,0.0,5057,3,5062.0,28.0,0.0,0.0,5056.0,227.3046875,5055.0,5061.5161290322585,5058,6.516129032258505,-0.4942,0.8064516129032258,1.0
1,14700,STARFRUIT,5055,1,5054.0,23.0,0.0,0.0,5059,2,5061.0,24.0,0.0,0.0,5057.0,213.828125,5054.041666666667,5060.846153846154,5057,6.804487179487296,-0.49429999999999996,-0.3333333333333333,-1.0
1,14800,STARFRUIT,5054,31,0.0,0.0,0.0,0.0,5059,3,5061.0,31.0,0.0,0.0,5056.5,204.46875,5054.0,5060.823529411765,5057,6.823529411764866,-0.49429999999999996,0.8235294117647058,0.0
1,14900,STARFRUIT,5059,4,5055.0,26.0,0.0,0.0,5061,1,5062.0,25.0,0.0,0.0,5060.0,216.7265625,5055.533333333334,5061.961538461538,5059,6.428205128204354,0.0003954913980621644,0.6,2.0
1,15000,STARFRUIT,5056,4,5055.0,27.0,0.0,0.0,5061,2,5062.0,25.0,0.0,0.0,5058.5,220.6015625,5055.129032258064,5061.925925925926,5059,6.796893667861696,-0.4941,0.3333333333333333,0.0
1,15100,STARFRUIT,5054,21,0.0,0.0,0.0,0.0,5061,21,0.0,0.0,0.0,0.0,5057.5,213.1953125,5054.0,5061.0,5058,7.0,-0.4942,0.0,-1.0
1,15200,STARFRUIT,5057,4,5055.0,4.0,5054.0,23.0,5061,23,0.0,0.0,0.0,0.0,5059.0,213.28125,5054.5161290322585,5061.0,5058,6.483870967741495,-0.4942,-0.7037037037037037,0.0
1,15300,STARFRUIT,5055,2,5054.0,22.0,0.0,0.0,5059,6,5061.0,24.0,0.0,0.0,5057.0,216.8359375,5054.083333333333,5060.6,5057,6.516666666667334,-0.00019770660340057145,-0.5,-1.0
1,15400,STARFRUIT,5054,30,0.0,0.0,0.0,0.0,5061,30,0.0,0.0,0.0,0.0,5057.5,212.953125,5054.0,5061.0,5058,7.0,-0.4942,0.0,1.0
1,15500,STARFRUIT,5055,25,0.0,0.0,0.0,0.0,5062,25,0.0,0.0,0.0,0.0,5058.5,225.734375,5055.0,5062.0,5058,7.0,-0.4942,0.0,0.0
1,15600,STARFRUIT,5055,23,0.0,0.0,0.0,0.0,5062,23,0.0,0.0,0.0,0.0,5058.5,228.9609375,5055.0,5062.0,5058,7.0,-0.4942,0.0,0.0
1,15700,STARFRUIT,5056,2,5055.0,28.0,0.0,0.0,5061,1,5062.0,2.0,5063.0,28.0,5058.5,235.4765625,5055.066666666667,5062.870967741936,5059,7.804301075268995,0.00019770660340046042,0.3333333333333333,1.0
1,15800,STARFRUIT,5057,4,5056.0,28.0,0.0,0.0,5062,2,5063.0,26.0,0.0,0.0,5059.5,238.1953125,5056.125,5062.928571428572,5060,6.8035714285715585,-0.494,0.3333333333333333,1.0
1,15900,STARFRUIT,5055,21,0.0,0.0,0.0,0.0,5057,3,5062.0,21.0,0.0,0.0,5056.0,232.625,5055.0,5061.375,5058,6.375,-0.4942,0.75,-2.0
1,16000,STARFRUIT,5056,2,5055.0,20.0,0.0,0.0,5061,4,5062.0,2.0,5063.0,20.0,5058.5,244.96875,5055.090909090909,5062.615384615385,5059,7.524475524475747,-0.4941,-0.3333333333333333,1.0
1,16100,STARFRUIT,5056,1,5055.0,26.0,0.0,0.0,5057,2,5061.0,8.0,5062.0,1.0,5056.5,245.5859375,5055.037037037037,5060.363636363636,5058,5.326599326598625,-0.00019766752322591952,-0.3333333333333333,-1.0
1,16200,STARFRUIT,5056,26,0.0,0.0,0.0,0.0,5063,27,0.0,0.0,0.0,0.0,5059.5,253.75,5056.0,5063.0,5060,7.0,-0.494,-0.018867924528301886,2.0
1,16300,STARFRUIT,5056,22,0.0,0.0,0.0,0.0,5062,1,5063.0,21.0,0.0,0.0,5059.0,252.53125,5056.0,5062.954545454545,5059,6.954545454545041,-0.4941,0.9130434782608695,-1.0
1,16400,STARFRUIT,5056,27,0.0,0.0,0.0,0.0,5061,7,5063.0,27.0,0.0,0.0,5058.5,254.390625,5056.0,5062.588235294118,5059,6.588235294118022,-0.4941,0.5882352941176471,0.0
1,16500,STARFRUIT,5055,22,0.0,0.0,0.0,0.0,5060,1,5062.0,22.0,0.0,0.0,5057.5,242.8125,5055.0,5061.913043478261,5058,6.913043478260988,-0.00019766752322591952,0.9130434782608695,-1.0
1,16600,STARFRUIT,5056,7,5055.0,26.0,0.0,0.0,5062,26,0.0,0.0,0.0,0.0,5059.0,243.3203125,5055.212121212121,5062.0,5059,6.787878787878981,-0.4941,-0.5757575757575758,1.0
1,16700,STARFRUIT,5055,25,0.0,0.0,0.0,0.0,5062,25,0.0,0.0,0.0,0.0,5058.5,241.0,5055.0,5062.0,5058,7.0,-0.4942,0.0,-1.0
1,16800,STARFRUIT,5058,2,5055.0,27.0,0.0,0.0,5062,27,0.0,0.0,0.0,0.0,5060.0,238.7890625,5055.206896551724,5062.0,5059,6.79310344827627,-0.4941,-0.8620689655172413,1.0
1,16900,STARFRUIT,5055,24,0.0,0.0,0.0,0.0,5061,2,5062.0,22.0,0.0,0.0,5058.0,231.625,5055.0,5061.916666666667,5058,6.91666666666697,-0.00019766752322591952,0.8461538461538461,-1.0
1,17000,STARFRUIT,5055,1,5054.0,26.0,0.0,0.0,5061,26,0.0,0.0,0.0,0.0,5058.0,224.4609375,5054.037037037037,5061.0,5058,6.962962962962592,-0.4942,-0.9259259259259259,0.0
1,17100,STARFRUIT,5055,1,5054.0,26.0,0.0,0.0,5061,27,0.0,0.0,0.0,0.0,5058.0,226.03125,5054.037037037037,5061.0,5058,6.962962962962592,-0.4942,-0.9285714285714286,0.0
1,17200,STARFRUIT,5055,5,5054.0,28.0,0.0,0.0,5061,28,0.0,0.0,0.0,0.0,5058.0,219.59375,5054.151515151515,5061.0,5058,6.848484848484986,-0.4942,-0.696969696969697,0.0
1,17300,STARFRUIT,5054,28,0.0,0.0,0.0,0.0,5059,6,5061.0,28.0,0.0,0.0,5056.5,217.3125,5054.0,5060.64705882353,5057,6.647058823529733,-0.00019770660340057145,0.6470588235294118,-1.0
1,17400,STARFRUIT,5058,3,5055.0,2.0,5054.0,25.0,5061,25,0.0,0.0,0.0,0.0,5059.5,213.015625,5054.466666666666,5061.0,5058,6.533333333333758,-0.4941494149414941,-0.7857142857142857,1.0
1,17500,STARFRUIT,5054,28,0.0,0.0,0.0,0.0,5061,28,0.0,0.0,0.0,0.0,5057.5,223.734375,5054.0,5061.0,5058,7.0,-0.4942,0.0,0.0
1,17600,STARFRUIT,5054,4,5053.0,29.0,0.0,0.0,5060,30,0.0,0.0,0.0,0.0,5057.0,255.7685546875,5053.121212121212,5060.0,5057,6.878787878787989,-0.49429999999999996,-0.7647058823529411,-1.0
1,17700,STARFRUIT,5053,22,0.0,0.0,0.0,0.0,5060,22,0.0,0.0,0.0,0.0,5056.5,255.1708984375,5053.0,5060.0,5056,7.0,-0.0001977456990310822,0.0,-1.0
1,17800,STARFRUIT,5053,2,5052.0,30.0,0.0,0.0,5057,5,5059.0,32.0,0.0,0.0,5055.0,253.876953125,5052.0625,5058.72972972973,5055,6.667229729730025,-0.4943988797759552,-0.42857142857142855,-1.0
1,17900,STARFRUIT,5058,1,5055.0,2.0,5052.0,21.0,5059,21,0.0,0.0,0.0,0.0,5058.5,253.2314453125,5052.5,5059.0,5056,6.5,-0.49439999999999995,-0.9090909090909091,1.0
1,18000,STARFRUIT,5052,24,0.0,0.0,0.0,0.0,5059,24,0.0,0.0,0.0,0.0,5055.5,255.60986328125,5052.0,5059.0,5056,7.0,-0.49439999999999995,0.0,0.0
1,18100,STARFRUIT,5052,30,0.0,0.0,0.0,0.0,5059,30,0.0,0.0,0.0,0.0,5055.5,255.5322265625,5052.0,5059.0,5056,7.0,0.0,0.0,0.0
1,18200,STARFRUIT,5052,2,5051.0,23.0,0.0,0.0,5058,2,5059.0,23.0,0.0,0.0,5055.0,271.1171875,5051.08,5058.92,5055,7.8400000000001455,-0.49450000000000005,0.0,-1.0
1,18300,STARFRUIT,5051,20,0.0,0.0,0.0,0.0,5058,20,0.0,0.0,0.0,0.0,5054.5,271.59765625,5051.0,5058.0,5054,7.0,-0.49460000000000004,0.0,-1.0
1,18400,STARFRUIT,5058,1,5052.0,22.0,0.0,0.0,5059,22,0.0,0.0,0.0,0.0,5058.5,279.1953125,5052.260869565217,5059.0,5056,6.739130434782965,-0.49439999999999995,-0.9130434782608695,2.0
1,18500,STARFRUIT,5053,2,5052.0,21.0,0.0,0.0,5054,1,5059.0,23.0,0.0,0.0,5053.5,284.16015625,5052.086956521739,5058.791666666667,5055,6.704710144927958,-0.00019778481012655558,0.3333333333333333,-1.0
1,18600,STARFRUIT,5052,21,0.0,0.0,0.0,0.0,5053,8,5059.0,22.0,0.0,0.0,5052.5,285.125,5052.0,5057.4,5055,5.399999999999636,-0.49450000000000005,0.4482758620689655,0.0
1,18700,STARFRUIT,5052,30,0.0,0.0,0.0,0.0,5059,30,0.0,0.0,0.0,0.0,5055.5,303.375,5052.0,5059.0,5056,7.0,-0.49439999999999995,0.0,1.0
1,18800,STARFRUIT,5052,24,0.0,0.0,0.0,0.0,5059,24,0.0,0.0,0.0,0.0,5055.5,301.0859375,5052.0,5059.0,5056,7.0,0.0,0.0,0.0
1,18900,STARFRUIT,5053,7,5052.0,25.0,0.0,0.0,5059,25,0.0,0.0,0.0,0.0,5056.0,294.8203125,5052.21875,5059.0,5056,6.78125,-0.49439999999999995,-0.5625,0.0
1,19000,STARFRUIT,5052,31,0.0,0.0,0.0,0.0,5058,1,5059.0,30.0,0.0,0.0,5055.0,295.4765625,5052.0,5058.967741935484,5055,6.9677419354839,-0.49450000000000005,0.9375,-1.0
1,19100,STARFRUIT,5052,23,0.0,0.0,0.0,0.0,5059,23,0.0,0.0,0.0,0.0,5055.5,305.484375,5052.0,5059.0,5056,7.0,-0.49439999999999995,0.0,1.0
1,19200,STARFRUIT,5052,26,0.0,0.0,0.0,0.0,5059,26,0.0,0.0,0.0,0.0,5055.5,300.96875,5052.0,5059.0,5056,7.0,0.0,0.0,0.0
1,19300,STARFRUIT,5052,25,0.0,0.0,0.0,0.0,5059,25,0.0,0.0,0.0,0.0,5055.5,301.296875,5052.0,5059.0,5056,7.0,-0.49439999999999995,0.0,0.0
1,19400,STARFRUIT,5053,26,0.0,0.0,0.0,0.0,5059,2,5060.0,24.0,0.0,0.0,5056.0,313.4765625,5053.0,5059.923076923077,5056,6.923076923077133,-0.49434943494349437,0.8571428571428571,0.0
1,19500,STARFRUIT,5053,23,0.0,0.0,0.0,0.0,5060,23,0.0,0.0,0.0,0.0,5056.5,315.296875,5053.0,5060.0,5056,7.0,-0.49439999999999995,0.0,0.0
1,19600,STARFRUIT,5053,27,0.0,0.0,0.0,0.0,5060,27,0.0,0.0,0.0,0.0,5056.5,323.96875,5053.0,5060.0,5056,7.0,0.0,0.0,0.0
1,19700,STARFRUIT,5054,31,0.0,0.0,0.0,0.0,5061,31,0.0,0.0,0.0,0.0,5057.5,359.125,5054.0,5061.0,5058,7.0,-0.4943011397720456,0.0,2.0
1,19800,STARFRUIT,5054,28,0.0,0.0,0.0,0.0,5061,28,0.0,0.0,0.0,0.0,5057.5,360.1953125,5054.0,5061.0,5058,7.0,-0.4942,0.0,0.0
1,19900,STARFRUIT,5054,1,5053.0,22.0,0.0,0.0,5060,1,5061.0,22.0,0.0,0.0,5057.0,357.0,5053.04347826087,5060.95652173913,5057,7.913043478260079,-0.49429999999999996,0.0,-1.0
1,20000,STARFRUIT,5053,26,0.0,0.0,0.0,0.0,5059,4,5061.0,26.0,0.0,0.0,5056.0,356.99609375,5053.0,5060.733333333334,5057,7.733333333333576,0.0,0.7333333333333333,0.0
1,20100,STARFRUIT,5054,30,0.0,0.0,0.0,0.0,5059,4,5061.0,30.0,0.0,0.0,5056.5,362.015625,5054.0,5060.764705882353,5057,6.764705882353155,-0.49429999999999996,0.7647058823529411,0.0
1,20200,STARFRUIT,5054,20,0.0,0.0,0.0,0.0,5061,20,0.0,0.0,0.0,0.0,5057.5,363.1328125,5054.0,5061.0,5058,7.0,-0.4942,0.0,1.0
1,20300,STARFRUIT,5055,24,0.0,0.0,0.0,0.0,5062,24,0.0,0.0,0.0,0.0,5058.5,368.890625,5055.0,5062.0,5058,7.0,-0.4942,0.0,0.0
1,20400,STARFRUIT,5055,28,0.0,0.0,0.0,0.0,5057,3,5062.0,28.0,0.0,0.0,5056.0,371.0546875,5055.0,5061.5161290322585,5058,6.516129032258505,0.0,0.8064516129032258,0.0
1,20500,STARFRUIT,5055,25,0.0,0.0,0.0,0.0,5056,7,5062.0,26.0,0.0,0.0,5055.5,379.421875,5055.0,5060.727272727273,5058,5.727272727272975,-0.4942,0.5625,0.0
1,20600,STARFRUIT,5056,1,5055.0,24.0,0.0,0.0,5062,25,0.0,0.0,0.0,0.0,5059.0,399.09375,5055.04,5062.0,5059,6.960000000000036,-0.4941,-0.9230769230769231,1.0
1,20700,STARFRUIT,5060,2,5056.0,3.0,5055.0,30.0,5062,30,0.0,0.0,0.0,0.0,5061.0,400.515625,5055.371428571429,5062.0,5059,6.628571428571377,-0.4941,-0.875,0.0
1,20800,STARFRUIT,5055,26,0.0,0.0,0.0,0.0,5062,26,0.0,0.0,0.0,0.0,5058.5,404.2734375,5055.0,5062.0,5058,7.0,-0.00019766752322591952,0.0,-1.0
1,20900,STARFRUIT,5055,30,0.0,0.0,0.0,0.0,5062,31,0.0,0.0,0.0,0.0,5058.5,399.171875,5055.0,5062.0,5058,7.0,-0.4942,-0.01639344262295082,0.0
1,21000,STARFRUIT,5055,26,0.0,0.0,0.0,0.0,5061,1,5062.0,25.0,0.0,0.0,5058.0,393.640625,5055.0,5061.961538461538,5058,6.961538461538112,-0.4942,0.9259259259259259,0.0
1,21100,STARFRUIT,5054,28,0.0,0.0,0.0,0.0,5057,2,5061.0,28.0,0.0,0.0,5055.5,389.96875,5054.0,5060.733333333334,5057,6.733333333333576,-0.49429999999999996,0.8666666666666667,-1.0
1,21200,STARFRUIT,5060,1,5055.0,29.0,0.0,0.0,5062,29,0.0,0.0,0.0,0.0,5061.0,395.296875,5055.166666666667,5062.0,5059,6.83333333333303,0.0003954913980621644,-0.9333333333333333,2.0
1,21300,STARFRUIT,5054,22,0.0,0.0,0.0,0.0,5060,2,5062.0,22.0,0.0,0.0,5057.0,395.21875,5054.0,5061.833333333333,5058,7.83333333333303,-0.4942,0.8333333333333334,-1.0
1,21400,STARFRUIT,5055,30,0.0,0.0,0.0,0.0,5061,1,5062.0,29.0,0.0,0.0,5058.0,395.8125,5055.0,5061.966666666666,5058,6.966666666666242,-0.4942,0.9354838709677419,0.0
1,21500,STARFRUIT,5055,28,0.0,0.0,0.0,0.0,5056,5,5062.0,30.0,0.0,0.0,5055.5,408.8359375,5055.0,5061.142857142857,5058,6.142857142856883,-0.4942,0.696969696969697,0.0
1,21600,STARFRUIT,5056,2,5055.0,20.0,0.0,0.0,5062,22,0.0,0.0,0.0,0.0,5059.0,417.109375,5055.090909090909,5062.0,5059,6.909090909090992,0.00019770660340046042,-0.8333333333333334,1.0
1,21700,STARFRUIT,5057,4,5056.0,27.0,0.0,0.0,5062,2,5063.0,25.0,0.0,0.0,5059.5,422.6484375,5056.129032258064,5062.925925925926,5060,6.796893667861696,-0.494,0.3333333333333333,1.0
1,21800,STARFRUIT,5056,26,0.0,0.0,0.0,0.0,5062,1,5063.0,25.0,0.0,0.0,5059.0,423.8046875,5056.0,5062.961538461538,5059,6.961538461538112,-0.4941,0.9259259259259259,-1.0
1,21900,STARFRUIT,5056,27,0.0,0.0,0.0,0.0,5063,27,0.0,0.0,0.0,0.0,5059.5,438.109375,5056.0,5063.0,5060,7.0,-0.494,0.0,1.0
1,22000,STARFRUIT,5057,2,5056.0,20.0,0.0,0.0,5063,22,0.0,0.0,0.0,0.0,5060.0,437.59375,5056.090909090909,5063.0,5060,6.909090909090992,0.0,-0.8333333333333334,0.0
1,22100,STARFRUIT,5056,22,0.0,0.0,0.0,0.0,5061,4,5063.0,22.0,0.0,0.0,5058.5,431.75,5056.0,5062.692307692308,5059,6.692307692307622,-0.4941,0.6923076923076923,-1.0
1,22200,STARFRUIT,5057,3,5056.0,23.0,0.0,0.0,5063,23,0.0,0.0,0.0,0.0,5060.0,438.5703125,5056.115384615385,5063.0,5060,6.884615384615245,-0.494,-0.7692307692307693,1.0
1,22300,STARFRUIT,5057,30,0.0,0.0,0.0,0.0,5064,30,0.0,0.0,0.0,0.0,5060.5,445.65625,5057.0,5064.0,5060,7.0,-0.494,0.0,0.0
1,22400,STARFRUIT,5057,24,0.0,0.0,0.0,0.0,5064,24,0.0,0.0,0.0,0.0,5060.5,446.7734375,5057.0,5064.0,5060,7.0,0.0,0.0,0.0
1,22500,STARFRUIT,5062,1,5057.0,27.0,0.0,0.0,5064,27,0.0,0.0,0.0,0.0,5063.0,449.5625,5057.178571428572,5064.0,5061,6.8214285714284415,-0.4939,-0.9285714285714286,1.0
1,22600,STARFRUIT,5063,1,5062.0,4.0,5058.0,4.0,5064,26,0.0,0.0,0.0,0.0,5063.5,456.5546875,5060.333333333333,5064.0,5062,3.66666666666697,-0.4938,-0.9259259259259259,1.0
1,22700,STARFRUIT,5058,1,5057.0,25.0,0.0,0.0,5064,26,0.0,0.0,0.0,0.0,5061.0,465.609375,5057.038461538462,5064.0,5061,6.961538461538112,-0.4939,-0.9259259259259259,-1.0
1,22800,STARFRUIT,5058,27,0.0,0.0,0.0,0.0,5065,27,0.0,0.0,0.0,0.0,5061.5,473.671875,5058.0,5065.0,5062,7.0,0.00019758940920766577,0.0,1.0
1,22900,STARFRUIT,5057,22,0.0,0.0,0.0,0.0,5062,4,5064.0,23.0,0.0,0.0,5059.5,470.515625,5057.0,5063.7037037037035,5060,6.703703703703468,-0.494,0.6923076923076923,-2.0
1,23000,STARFRUIT,5064,1,5058.0,21.0,0.0,0.0,5065,21,0.0,0.0,0.0,0.0,5064.5,480.0703125,5058.272727272727,5065.0,5062,6.727272727272975,-0.4938,-0.9090909090909091,2.0
1,23100,STARFRUIT,5059,7,5058.0,28.0,0.0,0.0,5064,2,5065.0,26.0,0.0,0.0,5061.5,476.28125,5058.2,5064.928571428572,5062,6.72857142857174,-0.4938,0.5555555555555556,0.0
1,23200,STARFRUIT,5059,1,5058.0,25.0,0.0,0.0,5065,25,0.0,0.0,0.0,0.0,5062.0,480.3671875,5058.038461538462,5065.0,5062,6.961538461538112,-0.4938,-0.9230769230769231,0.0
1,23300,STARFRUIT,5059,2,5058.0,21.0,0.0,0.0,5065,23,0.0,0.0,0.0,0.0,5062.0,488.3671875,5058.086956521739,5065.0,5062,6.913043478260988,-0.4938,-0.84,0.0
1,23400,STARFRUIT,5059,1,5058.0,29.0,0.0,0.0,5065,1,5066.0,29.0,0.0,0.0,5062.0,490.4140625,5058.033333333334,5065.966666666666,5062,7.9333333333324845,-0.4938,0.0,0.0
1,23500,STARFRUIT,5060,3,5059.0,31.0,0.0,0.0,5066,31,0.0,0.0,0.0,0.0,5063.0,511.9453125,5059.088235294118,5066.0,5063,6.911764705881978,0.00019755037534574527,-0.8235294117647058,1.0
1,23600,STARFRUIT,5059,26,0.0,0.0,0.0,0.0,5066,27,0.0,0.0,0.0,0.0,5062.5,508.6640625,5059.0,5066.0,5062,7.0,-0.4938,-0.018867924528301886,-1.0
1,23700,STARFRUIT,5064,1,5059.0,21.0,0.0,0.0,5065,1,5066.0,20.0,0.0,0.0,5064.5,504.1484375,5059.227272727273,5065.952380952381,5063,6.7251082251077605,-0.4937,0.0,1.0
1,23800,STARFRUIT,5059,22,0.0,0.0,0.0,0.0,5066,22,0.0,0.0,0.0,0.0,5062.5,505.1640625,5059.0,5066.0,5062,7.0,-0.4938,0.0,-1.0
1,23900,STARFRUIT,5059,27,0.0,0.0,0.0,0.0,5066,27,0.0,0.0,0.0,0.0,5062.5,508.3984375,5059.0,5066.0,5062,7.0,0.0,0.0,0.0
1,24000,STARFRUIT,5060,6,5059.0,29.0,0.0,0.0,5066,29,0.0,0.0,0.0,0.0,5063.0,508.8671875,5059.171428571429,5066.0,5063,6.828571428571195,-0.4937,-0.6571428571428571,1.0
1,24100,STARFRUIT,5059,22,0.0,0.0,0.0,0.0,5065,2,5066.0,20.0,0.0,0.0,5062.0,504.8203125,5059.0,5065.909090909091,5062,6.909090909090992,-0.4938,0.8333333333333334,-1.0
1,24200,STARFRUIT,5059,24,0.0,0.0,0.0,0.0,5064,8,5065.0,1.0,5066.0,23.0,5061.5,505.671875,5059.0,5065.46875,5062,6.46875,-0.4938,0.5,0.0
1,24300,STARFRUIT,5059,27,0.0,0.0,0.0,0.0,5060,1,5064.0,5.0,5066.0,27.0,5059.5,513.84375,5059.0,5065.515151515152,5062,6.515151515151956,0.0,0.9285714285714286,0.0
1,24400,STARFRUIT,5060,8,5059.0,29.0,0.0,0.0,5066,29,0.0,0.0,0.0,0.0,5063.0,517.0390625,5059.216216216216,5066.0,5063,6.783783783784202,-0.4937,-0.5675675675675675,1.0
1,24500,STARFRUIT,5059,2,5058.0,24.0,0.0,0.0,5065,26,0.0,0.0,0.0,0.0,5062.0,502.84375,5058.076923076923,5065.0,5062,6.923076923077133,-0.4938,-0.8571428571428571,-1.0
1,24600,STARFRUIT,5058,24,0.0,0.0,0.0,0.0,5065,24,0.0,0.0,0.0,0.0,5061.5,495.140625,5058.0,5065.0,5062,7.0,-0.4938,0.0,0.0
1,24700,STARFRUIT,5058,22,0.0,0.0,0.0,0.0,5065,22,0.0,0.0,0.0,0.0,5061.5,493.0546875,5058.0,5065.0,5062,7.0,0.0,0.0,0.0
1,24800,STARFRUIT,5058,28,0.0,0.0,0.0,0.0,5065,28,0.0,0.0,0.0,0.0,5061.5,502.78125,5058.0,5065.0,5062,7.0,-0.4938,0.0,0.0
1,24900,STARFRUIT,5059,24,0.0,0.0,0.0,0.0,5066,24,0.0,0.0,0.0,0.0,5062.5,506.5078125,5059.0,5066.0,5062,7.0,-0.4938,0.0,0.0
1,25000,STARFRUIT,5059,1,5058.0,27.0,0.0,0.0,5065,28,0.0,0.0,0.0,0.0,5062.0,502.5234375,5058.035714285715,5065.0,5062,6.9642857142853245,-0.4938,-0.9310344827586207,0.0
1,25100,STARFRUIT,5058,27,0.0,0.0,0.0,0.0,5065,27,0.0,0.0,0.0,0.0,5061.5,495.921875,5058.0,5065.0,5062,7.0,0.0,0.0,0.0
1,25200,STARFRUIT,5060,6,5059.0,26.0,0.0,0.0,5062,4,5066.0,26.0,0.0,0.0,5061.0,509.28125,5059.1875,5065.466666666666,5062,6.279166666666242,-0.4938,0.2,0.0
1,25300,STARFRUIT,5059,1,5058.0,21.0,0.0,0.0,5065,22,0.0,0.0,0.0,0.0,5062.0,500.0078125,5058.045454545455,5065.0,5062,6.954545454545041,-0.4938,-0.9130434782608695,0.0
1,25400,STARFRUIT,5059,29,0.0,0.0,0.0,0.0,5066,29,0.0,0.0,0.0,0.0,5062.5,510.6484375,5059.0,5066.0,5062,7.0,-0.4938,0.0,0.0
1,25500,STARFRUIT,5059,1,5058.0,23.0,0.0,0.0,5064,6,5065.0,1.0,5066.0,23.0,5061.5,503.984375,5058.041666666667,5065.566666666667,5062,7.524999999999636,0.0,-0.7142857142857143,0.0
1,25600,STARFRUIT,5059,24,0.0,0.0,0.0,0.0,5064,6,5066.0,24.0,0.0,0.0,5061.5,510.7890625,5059.0,5065.6,5062,6.600000000000364,-0.4938,0.6,0.0
1,25700,STARFRUIT,5059,1,5058.0,24.0,0.0,0.0,5065,25,0.0,0.0,0.0,0.0,5062.0,502.3515625,5058.04,5065.0,5062,6.960000000000036,-0.4938,-0.9230769230769231,0.0
1,25800,STARFRUIT,5059,29,0.0,0.0,0.0,0.0,5066,29,0.0,0.0,0.0,0.0,5062.5,513.796875,5059.0,5066.0,5062,7.0,-0.4938,0.0,0.0
1,25900,STARFRUIT,5059,29,0.0,0.0,0.0,0.0,5065,2,5066.0,27.0,0.0,0.0,5062.0,506.0703125,5059.0,5065.931034482759,5062,6.93103448275906,0.0,0.8709677419354839,0.0
1,26000,STARFRUIT,5065,1,5059.0,27.0,0.0,0.0,5066,27,0.0,0.0,0.0,0.0,5065.5,524.90625,5059.214285714285,5066.0,5063,6.7857142857146755,-0.4937,-0.9285714285714286,1.0
1,26100,STARFRUIT,5065,1,5061.0,2.0,5060.0,25.0,5066,1,5067.0,24.0,0.0,0.0,5065.5,533.0,5060.25,5066.96,5064,6.710000000000036,-0.49370125974805035,0.0,1.0
1,26200,STARFRUIT,5059,29,0.0,0.0,0.0,0.0,5066,29,0.0,0.0,0.0,0.0,5062.5,522.15625,5059.0,5066.0,5062,7.0,-0.4938,0.0,-2.0
1,26300,STARFRUIT,5059,25,0.0,0.0,0.0,0.0,5066,26,0.0,0.0,0.0,0.0,5062.5,529.8671875,5059.0,5066.0,5062,7.0,0.0,-0.0196078431372549,0.0
1,26400,STARFRUIT,5059,27,0.0,0.0,0.0,0.0,5066,27,0.0,0.0,0.0,0.0,5062.5,523.640625,5059.0,5066.0,5062,7.0,-0.4938,0.0,0.0
1,26500,STARFRUIT,5059,22,0.0,0.0,0.0,0.0,5065,1,5066.0,21.0,0.0,0.0,5062.0,516.59375,5059.0,5065.954545454545,5062,6.954545454545041,-0.4938,0.9130434782608695,0.0
1,26600,STARFRUIT,5058,31,0.0,0.0,0.0,0.0,5065,31,0.0,0.0,0.0,0.0,5061.5,502.7734375,5058.0,5065.0,5062,7.0,-0.4938,0.0,0.0
1,26700,STARFRUIT,5064,1,5059.0,8.0,5058.0,26.0,5066,26,0.0,0.0,0.0,0.0,5065.0,513.1015625,5058.4,5066.0,5062,7.600000000000364,0.0,-0.9259259259259259,0.0
1,26800,STARFRUIT,5059,20,0.0,0.0,0.0,0.0,5066,20,0.0,0.0,0.0,0.0,5062.5,517.2578125,5059.0,5066.0,5062,7.0,-0.4938,0.0,0.0
1,26900,STARFRUIT,5058,22,0.0,0.0,0.0,0.0,5065,22,0.0,0.0,0.0,0.0,5061.5,512.640625,5058.0,5065.0,5062,7.0,-0.4938,0.0,0.0
1,27000,STARFRUIT,5059,27,0.0,0.0,0.0,0.0,5064,6,5066.0,27.0,0.0,0.0,5061.5,520.5390625,5059.0,5065.636363636364,5062,6.636363636363967,-0.4938,0.6363636363636364,0.0
1,27100,STARFRUIT,5065,1,5059.0,29.0,0.0,0.0,5066,29,0.0,0.0,0.0,0.0,5065.5,524.1484375,5059.2,5066.0,5063,6.800000000000182,0.00019755037534574527,-0.9333333333333333,1.0
1,27200,STARFRUIT,5063,1,5059.0,7.0,5058.0,25.0,5065,25,0.0,0.0,0.0,0.0,5064.0,508.421875,5058.363636363636,5065.0,5062,6.636363636363967,-0.4938,-0.9230769230769231,-1.0
1,27300,STARFRUIT,5057,25,0.0,0.0,0.0,0.0,5058,1,5064.0,25.0,0.0,0.0,5057.5,498.171875,5057.0,5063.7692307692305,5060,6.769230769230489,-0.494,0.9230769230769231,-2.0
1,27400,STARFRUIT,5061,6,5058.0,23.0,0.0,0.0,5064,1,5065.0,22.0,0.0,0.0,5062.5,509.34375,5058.620689655172,5064.95652173913,5062,6.335832083957939,-0.4938,0.7142857142857143,2.0
1,27500,STARFRUIT,5058,30,0.0,0.0,0.0,0.0,5065,30,0.0,0.0,0.0,0.0,5061.5,507.296875,5058.0,5065.0,5062,7.0,0.0,0.0,0.0
1,27600,STARFRUIT,5063,1,5058.0,8.0,5057.0,26.0,5064,28,0.0,0.0,0.0,0.0,5063.5,503.765625,5057.4,5064.0,5061,6.600000000000364,-0.4939,-0.9310344827586207,-1.0
1,27700,STARFRUIT,5057,32,0.0,0.0,0.0,0.0,5064,32,0.0,0.0,0.0,0.0,5060.5,496.8984375,5057.0,5064.0,5060,7.0,-0.494,0.0,-1.0
1,27800,STARFRUIT,5057,5,5056.0,22.0,0.0,0.0,5063,22,0.0,0.0,0.0,0.0,5060.0,485.171875,5056.185185185185,5063.0,5060,6.814814814814781,0.0,-0.6296296296296297,0.0
1,27900,STARFRUIT,5056,29,0.0,0.0,0.0,0.0,5061,8,5063.0,29.0,0.0,0.0,5058.5,478.734375,5056.0,5062.5675675675675,5059,6.567567567567494,-0.4941,0.5675675675675675,-1.0
1,28000,STARFRUIT,5056,4,5055.0,22.0,0.0,0.0,5063,22,0.0,0.0,0.0,0.0,5059.5,475.8671875,5055.153846153846,5063.0,5059,7.846153846154266,-0.4941,-0.6923076923076923,0.0
1,28100,STARFRUIT,5056,21,0.0,0.0,0.0,0.0,5062,1,5063.0,20.0,0.0,0.0,5059.0,478.5390625,5056.0,5062.952380952381,5059,6.952380952380736,-0.4941,0.9090909090909091,0.0
1,28200,STARFRUIT,5056,23,0.0,0.0,0.0,0.0,5063,23,0.0,0.0,0.0,0.0,5059.5,484.875,5056.0,5063.0,5060,7.0,0.00019766752322603054,0.0,1.0
1,28300,STARFRUIT,5056,30,0.0,0.0,0.0,0.0,5063,30,0.0,0.0,0.0,0.0,5059.5,484.75,5056.0,5063.0,5060,7.0,-0.494,0.0,0.0
1,28400,STARFRUIT,5056,20,0.0,0.0,0.0,0.0,5063,20,0.0,0.0,0.0,0.0,5059.5,483.1953125,5056.0,5063.0,5060,7.0,-0.494,0.0,0.0
1,28500,STARFRUIT,5056,5,5055.0,28.0,0.0,0.0,5062,30,0.0,0.0,0.0,0.0,5059.0,474.0703125,5055.151515151515,5062.0,5059,6.848484848484986,-0.4941,-0.7142857142857143,-1.0
1,28600,STARFRUIT,5055,27,0.0,0.0,0.0,0.0,5058,5,5062.0,28.0,0.0,0.0,5056.5,467.859375,5055.0,5061.393939393939,5058,6.393939393939036,-0.00019766752322591952,0.6875,-1.0
1,28700,STARFRUIT,5055,24,0.0,0.0,0.0,0.0,5056,1,5062.0,24.0,0.0,0.0,5055.5,472.09375,5055.0,5061.76,5058,6.760000000000218,-0.49409881976395276,0.92,0.0
1,28800,STARFRUIT,5055,21,0.0,0.0,0.0,0.0,5062,21,0.0,0.0,0.0,0.0,5058.5,475.3828125,5055.0,5062.0,5058,7.0,-0.4942,0.0,0.0
1,28900,STARFRUIT,5056,1,5055.0,23.0,0.0,0.0,5062,23,0.0,0.0,0.0,0.0,5059.0,472.859375,5055.041666666667,5062.0,5059,6.95833333333303,-0.4941,-0.9166666666666666,1.0
1,29000,STARFRUIT,5056,2,5055.0,24.0,0.0,0.0,5062,2,5063.0,24.0,0.0,0.0,5059.0,479.484375,5055.076923076923,5062.923076923077,5059,7.846153846154266,0.0,0.0,0.0
1,29100,STARFRUIT,5055,23,0.0,0.0,0.0,0.0,5062,23,0.0,0.0,0.0,0.0,5058.5,470.8828125,5055.0,5062.0,5058,7.0,-0.4942,0.0,-1.0
1,29200,STARFRUIT,5056,23,0.0,0.0,0.0,0.0,5062,1,5063.0,22.0,0.0,0.0,5059.0,479.8828125,5056.0,5062.95652173913,5059,6.956521739130039,-0.4941,0.9166666666666666,1.0
1,29300,STARFRUIT,5057,23,0.0,0.0,0.0,0.0,5063,1,5064.0,22.0,0.0,0.0,5060.0,497.6875,5057.0,5063.95652173913,5060,6.956521739130039,-0.494,0.9166666666666666,1.0
1,29400,STARFRUIT,5057,2,5056.0,23.0,0.0,0.0,5063,25,0.0,0.0,0.0,0.0,5060.0,493.03125,5056.08,5063.0,5060,6.920000000000073,0.0,-0.8518518518518519,0.0
1,29500,STARFRUIT,5056,19,0.0,0.0,0.0,0.0,5063,20,0.0,0.0,0.0,0.0,5059.5,486.7421875,5056.0,5063.0,5060,7.0,-0.494,-0.02564102564102564,0.0
1,29600,STARFRUIT,5055,27,0.0,0.0,0.0,0.0,5058,4,5062.0,27.0,0.0,0.0,5056.5,471.203125,5055.0,5061.4838709677415,5058,6.483870967741495,-0.4942,0.7419354838709677,-2.0
1,29700,STARFRUIT,5055,23,0.0,0.0,0.0,0.0,5060,8,5062.0,23.0,0.0,0.0,5057.5,468.4140625,5055.0,5061.4838709677415,5058,6.483870967741495,-0.4942,0.4838709677419355,0.0
1,29800,STARFRUIT,5061,1,5056.0,4.0,5055.0,25.0,5062,25,0.0,0.0,0.0,0.0,5061.5,477.34375,5055.333333333333,5062.0,5059,6.66666666666697,0.00019770660340046042,-0.9230769230769231,1.0
1,29900,STARFRUIT,5056,2,5055.0,30.0,0.0,0.0,5062,32,0.0,0.0,0.0,0.0,5059.0,483.328125,5055.0625,5062.0,5059,6.9375,-0.4941,-0.8823529411764706,0.0
1,30000,STARFRUIT,5057,4,5056.0,25.0,0.0,0.0,5063,25,0.0,0.0,0.0,0.0,5060.0,515.15625,5056.137931034483,5063.0,5060,6.86206896551721,-0.494,-0.7241379310344828,1.0
1,30100,STARFRUIT,5056,21,0.0,0.0,0.0,0.0,5063,21,0.0,0.0,0.0,0.0,5059.5,515.5625,5056.0,5063.0,5060,7.0,-0.494,0.0,0.0
1,30200,STARFRUIT,5057,2,5056.0,28.0,0.0,0.0,5063,2,5064.0,28.0,0.0,0.0,5060.0,517.94140625,5056.066666666667,5063.933333333333,5060,7.866666666666788,0.0,0.0,0.0
1,30300,STARFRUIT,5057,31,0.0,0.0,0.0,0.0,5062,1,5064.0,31.0,0.0,0.0,5059.5,519.169921875,5057.0,5063.9375,5060,6.9375,-0.49394939493949397,0.9375,0.0
1,30400,STARFRUIT,5061,5,5057.0,30.0,0.0,0.0,5062,3,5064.0,30.0,0.0,0.0,5061.5,519.55078125,5057.571428571428,5063.818181818182,5061,6.246753246753542,-0.4939,0.25,1.0
1,30500,STARFRUIT,5058,5,5057.0,30.0,0.0,0.0,5064,30,0.0,0.0,0.0,0.0,5061.0,522.41552734375,5057.142857142857,5064.0,5061,6.857142857143117,-0.4939,-0.7142857142857143,0.0
1,30600,STARFRUIT,5057,32,0.0,0.0,0.0,0.0,5062,7,5064.0,32.0,0.0,0.0,5059.5,522.33447265625,5057.0,5063.641025641025,5060,6.641025641025408,-0.00019758940920766577,0.6410256410256411,-1.0
1,30700,STARFRUIT,5057,29,0.0,0.0,0.0,0.0,5064,29,0.0,0.0,0.0,0.0,5060.5,522.47705078125,5057.0,5064.0,5060,7.0,-0.494,0.0,0.0
1,30800,STARFRUIT,5057,31,0.0,0.0,0.0,0.0,5064,31,0.0,0.0,0.0,0.0,5060.5,522.73974609375,5057.0,5064.0,5060,7.0,-0.494,0.0,0.0
1,30900,STARFRUIT,5057,21,0.0,0.0,0.0,0.0,5062,7,5064.0,21.0,0.0,0.0,5059.5,522.3759765625,5057.0,5063.5,5060,6.5,-0.494,0.5,0.0
1,31000,STARFRUIT,5064,1,5063.0,5.0,5058.0,28.0,5065,28,0.0,0.0,0.0,0.0,5064.5,521.45654296875,5058.911764705882,5065.0,5062,6.088235294118022,0.00039525691699604515,-0.9310344827586207,2.0
1,31100,STARFRUIT,5058,23,0.0,0.0,0.0,0.0,5059,9,5065.0,23.0,0.0,0.0,5058.5,533.14453125,5058.0,5063.3125,5061,5.3125,-0.4939,0.4375,-1.0
1,31200,STARFRUIT,5058,22,0.0,0.0,0.0,0.0,5059,1,5063.0,8.0,5065.0,22.0,5058.5,556.6455078125,5058.0,5064.290322580645,5061,6.290322580644897,-0.4939,0.9130434782608695,0.0
1,31300,STARFRUIT,5059,2,5058.0,20.0,0.0,0.0,5065,2,5066.0,20.0,0.0,0.0,5062.0,560.033203125,5058.090909090909,5065.909090909091,5062,7.8181818181819835,-0.4938,0.0,1.0
1,31400,STARFRUIT,5058,22,0.0,0.0,0.0,0.0,5065,22,0.0,0.0,0.0,0.0,5061.5,559.8046875,5058.0,5065.0,5062,7.0,0.0,0.0,0.0
1,31500,STARFRUIT,5059,22,0.0,0.0,0.0,0.0,5065,1,5066.0,21.0,0.0,0.0,5062.0,560.1708984375,5059.0,5065.954545454545,5062,6.954545454545041,-0.4938,0.9130434782608695,0.0
1,31600,STARFRUIT,5059,24,0.0,0.0,0.0,0.0,5066,24,0.0,0.0,0.0,0.0,5062.5,560.984375,5059.0,5066.0,5062,7.0,-0.4938,0.0,0.0
1,31700,STARFRUIT,5059,29,0.0,0.0,0.0,0.0,5066,29,0.0,0.0,0.0,0.0,5062.5,560.3203125,5059.0,5066.0,5062,7.0,-0.4938,0.0,0.0
1,31800,STARFRUIT,5064,2,5059.0,24.0,0.0,0.0,5066,24,0.0,0.0,0.0,0.0,5065.0,561.296875,5059.384615384615,5066.0,5063,6.615384615384755,0.00019755037534574527,-0.8461538461538461,1.0
1,31900,STARFRUIT,5060,6,5059.0,28.0,0.0,0.0,5066,28,0.0,0.0,0.0,0.0,5063.0,564.0,5059.176470588235,5066.0,5063,6.823529411764866,-0.4937,-0.6470588235294118,0.0
1,32000,STARFRUIT,5059,22,0.0,0.0,0.0,0.0,5066,22,0.0,0.0,0.0,0.0,5062.5,564.0,5059.0,5066.0,5062,7.0,-0.4938,0.0,-1.0
1,32100,STARFRUIT,5059,25,0.0,0.0,0.0,0.0,5066,25,0.0,0.0,0.0,0.0,5062.5,564.0,5059.0,5066.0,5062,7.0,0.0,0.0,0.0
1,32200,STARFRUIT,5059,25,0.0,0.0,0.0,0.0,5066,25,0.0,0.0,0.0,0.0,5062.5,569.138671875,5059.0,5066.0,5062,7.0,-0.4938,0.0,0.0
1,32300,STARFRUIT,5062,3,5059.0,32.0,0.0,0.0,5066,32,0.0,0.0,0.0,0.0,5064.0,568.65625,5059.257142857143,5066.0,5063,6.742857142857247,-0.4937,-0.8285714285714286,1.0
1,32400,STARFRUIT,5059,29,0.0,0.0,0.0,0.0,5066,29,0.0,0.0,0.0,0.0,5062.5,568.6416015625,5059.0,5066.0,5062,7.0,-0.4938,0.0,-1.0
1,32500,STARFRUIT,5060,1,5059.0,26.0,0.0,0.0,5066,26,0.0,0.0,0.0,0.0,5063.0,568.80078125,5059.037037037037,5066.0,5063,6.962962962962592,0.00019755037534574527,-0.9259259259259259,1.0
1,32600,STARFRUIT,5059,28,0.0,0.0,0.0,0.0,5066,28,0.0,0.0,0.0,0.0,5062.5,591.796875,5059.0,5066.0,5062,7.0,-0.4938,0.0,-1.0
1,32700,STARFRUIT,5059,32,0.0,0.0,0.0,0.0,5065,2,5066.0,30.0,0.0,0.0,5062.0,593.83203125,5059.0,5065.9375,5062,6.9375,-0.4938,0.8823529411764706,0.0
1,32800,STARFRUIT,5058,29,0.0,0.0,0.0,0.0,5065,29,0.0,0.0,0.0,0.0,5061.5,595.84375,5058.0,5065.0,5062,7.0,-0.4938,0.0,0.0
1,32900,STARFRUIT,5059,21,0.0,0.0,0.0,0.0,5066,21,0.0,0.0,0.0,0.0,5062.5,592.19140625,5059.0,5066.0,5062,7.0,0.0,0.0,0.0
1,33000,STARFRUIT,5058,28,0.0,0.0,0.0,0.0,5063,4,5065.0,28.0,0.0,0.0,5060.5,596.76953125,5058.0,5064.75,5061,6.75,-0.4939,0.75,-1.0
1,33100,STARFRUIT,5059,1,5058.0,25.0,0.0,0.0,5065,26,0.0,0.0,0.0,0.0,5062.0,595.82421875,5058.038461538462,5065.0,5062,6.961538461538112,-0.4938,-0.9259259259259259,1.0
1,33200,STARFRUIT,5058,24,0.0,0.0,0.0,0.0,5063,5,5065.0,24.0,0.0,0.0,5060.5,597.32421875,5058.0,5064.6551724137935,5061,6.65517241379348,-0.4939,0.6551724137931034,-1.0
1,33300,STARFRUIT,5058,31,0.0,0.0,0.0,0.0,5065,31,0.0,0.0,0.0,0.0,5061.5,597.0234375,5058.0,5065.0,5062,7.0,0.00019758940920766577,0.0,1.0
1,33400,STARFRUIT,5059,20,0.0,0.0,0.0,0.0,5064,2,5066.0,20.0,0.0,0.0,5061.5,593.3984375,5059.0,5065.818181818182,5062,6.8181818181819835,-0.4938,0.8181818181818182,0.0
1,33500,STARFRUIT,5059,23,0.0,0.0,0.0,0.0,5065,2,5066.0,21.0,0.0,0.0,5062.0,593.9296875,5059.0,5065.913043478261,5062,6.913043478260988,-0.4938,0.84,0.0
1,33600,STARFRUIT,5058,27,0.0,0.0,0.0,0.0,5065,27,0.0,0.0,0.0,0.0,5061.5,595.31640625,5058.0,5065.0,5062,7.0,-0.4938,0.0,0.0
1,33700,STARFRUIT,5058,1,5057.0,25.0,0.0,0.0,5062,6,5064.0,26.0,0.0,0.0,5060.0,602.5234375,5057.038461538462,5063.625,5060,6.586538461538112,-0.0003951007506913795,-0.7142857142857143,-2.0
1,33800,STARFRUIT,5058,21,0.0,0.0,0.0,0.0,5065,21,0.0,0.0,0.0,0.0,5061.5,601.7421875,5058.0,5065.0,5062,7.0,-0.4938,0.0,2.0
1,33900,STARFRUIT,5058,1,5057.0,27.0,0.0,0.0,5064,28,0.0,0.0,0.0,0.0,5061.0,602.97265625,5057.035714285715,5064.0,5061,6.9642857142853245,-0.4939,-0.9310344827586207,-1.0
1,34000,STARFRUIT,5063,1,5058.0,2.0,5057.0,28.0,5064,30,0.0,0.0,0.0,0.0,5063.5,602.8203125,5057.258064516129,5064.0,5061,6.7419354838712025,-0.4939,-0.9354838709677419,0.0
1,34100,STARFRUIT,5057,27,0.0,0.0,0.0,0.0,5064,27,0.0,0.0,0.0,0.0,5060.5,608.01171875,5057.0,5064.0,5060,7.0,-0.00019758940920766577,0.0,-1.0
1,34200,STARFRUIT,5057,32,0.0,0.0,0.0,0.0,5063,2,5064.0,30.0,0.0,0.0,5060.0,611.66015625,5057.0,5063.9375,5060,6.9375,-0.494,0.8823529411764706,0.0
1,34300,STARFRUIT,5057,29,0.0,0.0,0.0,0.0,5058,1,5064.0,29.0,0.0,0.0,5057.5,606.55859375,5057.0,5063.8,5060,6.800000000000182,-0.494,0.9333333333333333,0.0
1,34400,STARFRUIT,5058,30,0.0,0.0,0.0,0.0,5065,30,0.0,0.0,0.0,0.0,5061.5,604.9453125,5058.0,5065.0,5062,7.0,-0.4938,0.0,2.0
1,34500,STARFRUIT,5058,24,0.0,0.0,0.0,0.0,5064,2,5065.0,22.0,0.0,0.0,5061.0,605.78515625,5058.0,5064.916666666667,5061,6.91666666666697,-0.00019755037534574527,0.8461538461538461,-1.0
1,34600,STARFRUIT,5058,24,0.0,0.0,0.0,0.0,5065,24,0.0,0.0,0.0,0.0,5061.5,604.53125,5058.0,5065.0,5062,7.0,-0.4938,0.0,1.0
1,34700,STARFRUIT,5058,7,5057.0,25.0,0.0,0.0,5064,25,0.0,0.0,0.0,0.0,5061.0,652.7890625,5057.21875,5064.0,5061,6.78125,-0.4939,-0.5625,-1.0
1,34800,STARFRUIT,5057,24,0.0,0.0,0.0,0.0,5058,10,5064.0,24.0,0.0,0.0,5057.5,657.6484375,5057.0,5062.235294117647,5060,5.235294117646845,-0.494,0.4117647058823529,-1.0
1,34900,STARFRUIT,5056,24,0.0,0.0,0.0,0.0,5063,24,0.0,0.0,0.0,0.0,5059.5,687.1171875,5056.0,5063.0,5060,7.0,0.0,0.0,0.0
1,35000,STARFRUIT,5056,29,0.0,0.0,0.0,0.0,5063,29,0.0,0.0,0.0,0.0,5059.5,691.77734375,5056.0,5063.0,5060,7.0,-0.494,0.0,0.0
1,35100,STARFRUIT,5056,23,0.0,0.0,0.0,0.0,5063,23,0.0,0.0,0.0,0.0,5059.5,691.91796875,5056.0,5063.0,5060,7.0,-0.494,0.0,0.0
1,35200,STARFRUIT,5056,24,0.0,0.0,0.0,0.0,5061,3,5063.0,24.0,0.0,0.0,5058.5,694.12890625,5056.0,5062.777777777777,5059,6.777777777777374,-0.4941,0.7777777777777778,-1.0
1,35300,STARFRUIT,5057,8,5056.0,23.0,0.0,0.0,5062,1,5063.0,22.0,0.0,0.0,5059.5,695.04296875,5056.258064516129,5062.95652173913,5060,6.698457223001242,0.00019766752322603054,0.7777777777777778,1.0
1,35400,STARFRUIT,5056,27,0.0,0.0,0.0,0.0,5062,2,5063.0,25.0,0.0,0.0,5059.0,695.0859375,5056.0,5062.925925925926,5059,6.925925925926094,-0.4941,0.8620689655172413,-1.0
1,35500,STARFRUIT,5055,29,0.0,0.0,0.0,0.0,5062,29,0.0,0.0,0.0,0.0,5058.5,700.171875,5055.0,5062.0,5058,7.0,-0.4942,0.0,-1.0
1,35600,STARFRUIT,5055,24,0.0,0.0,0.0,0.0,5061,1,5062.0,23.0,0.0,0.0,5058.0,704.5390625,5055.0,5061.958333333333,5058,6.95833333333303,-0.4942,0.92,0.0
1,35700,STARFRUIT,5055,2,5054.0,29.0,0.0,0.0,5061,31,0.0,0.0,0.0,0.0,5058.0,707.203125,5054.064516129032,5061.0,5058,6.935483870967801,0.0,-0.8787878787878788,0.0
1,35800,STARFRUIT,5056,6,5055.0,23.0,0.0,0.0,5061,2,5062.0,21.0,0.0,0.0,5058.5,723.328125,5055.206896551724,5061.913043478261,5059,6.706146926537258,-0.4941,0.5,1.0
1,35900,STARFRUIT,5055,2,5054.0,28.0,0.0,0.0,5061,30,0.0,0.0,0.0,0.0,5058.0,727.40625,5054.066666666667,5061.0,5058,6.933333333333394,-0.4942,-0.875,-1.0
1,36000,STARFRUIT,5054,30,0.0,0.0,0.0,0.0,5057,2,5059.0,2.0,5061.0,30.0,5055.5,728.78125,5054.0,5060.64705882353,5057,6.647058823529733,-0.49429999999999996,0.875,-1.0
1,36100,STARFRUIT,5055,2,5054.0,21.0,0.0,0.0,5059,6,5061.0,23.0,0.0,0.0,5057.0,728.984375,5054.086956521739,5060.586206896552,5057,6.499250374812618,0.0,-0.5,0.0
1,36200,STARFRUIT,5055,1,5054.0,29.0,0.0,0.0,5061,30,0.0,0.0,0.0,0.0,5058.0,730.078125,5054.033333333334,5061.0,5058,6.966666666666242,-0.4942,-0.9354838709677419,1.0
1,36300,STARFRUIT,5054,31,0.0,0.0,0.0,0.0,5060,1,5061.0,30.0,0.0,0.0,5057.0,743.0625,5054.0,5060.967741935484,5057,6.9677419354839,-0.49429999999999996,0.9375,-1.0
1,36400,STARFRUIT,5055,1,5054.0,29.0,0.0,0.0,5061,29,0.0,0.0,0.0,0.0,5058.0,733.453125,5054.033333333334,5061.0,5058,6.966666666666242,0.00019774569903097117,-0.9333333333333333,1.0
1,36500,STARFRUIT,5055,28,0.0,0.0,0.0,0.0,5062,29,0.0,0.0,0.0,0.0,5058.5,723.203125,5055.0,5062.0,5058,7.0,-0.4942,-0.017543859649122806,0.0
1,36600,STARFRUIT,5055,31,0.0,0.0,0.0,0.0,5058,2,5062.0,31.0,0.0,0.0,5056.5,720.234375,5055.0,5061.757575757576,5058,6.757575757575978,-0.4942,0.8787878787878788,0.0
1,36700,STARFRUIT,5055,22,0.0,0.0,0.0,0.0,5061,1,5062.0,21.0,0.0,0.0,5058.0,725.734375,5055.0,5061.954545454545,5058,6.954545454545041,-0.4942,0.9130434782608695,0.0
1,36800,STARFRUIT,5055,2,5054.0,23.0,0.0,0.0,5061,25,0.0,0.0,0.0,0.0,5058.0,730.1875,5054.08,5061.0,5058,6.920000000000073,0.0,-0.8518518518518519,0.0
1,36900,STARFRUIT,5054,22,0.0,0.0,0.0,0.0,5061,22,0.0,0.0,0.0,0.0,5057.5,734.6015625,5054.0,5061.0,5058,7.0,-0.4942,0.0,0.0
1,37000,STARFRUIT,5055,2,5054.0,20.0,0.0,0.0,5061,22,0.0,0.0,0.0,0.0,5058.0,730.0,5054.090909090909,5061.0,5058,6.909090909090992,-0.4942,-0.8333333333333334,0.0
1,37100,STARFRUIT,5057,5,5054.0,24.0,0.0,0.0,5061,24,0.0,0.0,0.0,0.0,5059.0,728.6875,5054.517241379311,5061.0,5058,6.48275862068931,-0.4942,-0.6551724137931034,0.0
1,37200,STARFRUIT,5055,2,5054.0,27.0,0.0,0.0,5061,2,5062.0,27.0,0.0,0.0,5058.0,736.5859375,5054.068965517241,5061.931034482759,5058,7.8620689655181195,0.0,0.0,0.0
1,37300,STARFRUIT,5055,1,5054.0,22.0,0.0,0.0,5059,4,5061.0,23.0,0.0,0.0,5057.0,737.53125,5054.04347826087,5060.7037037037035,5057,6.660225442833507,-0.49429999999999996,-0.6,-1.0
1,37400,STARFRUIT,5055,4,5054.0,22.0,0.0,0.0,5062,22,0.0,0.0,0.0,0.0,5058.5,736.5078125,5054.153846153846,5062.0,5058,7.846153846154266,-0.4942,-0.6923076923076923,1.0
1,37500,STARFRUIT,5058,5,5055.0,31.0,0.0,0.0,5062,31,0.0,0.0,0.0,0.0,5060.0,730.59375,5055.416666666667,5062.0,5059,6.58333333333303,-0.4941,-0.7222222222222222,1.0
1,37600,STARFRUIT,5055,25,0.0,0.0,0.0,0.0,5060,5,5062.0,25.0,0.0,0.0,5057.5,731.625,5055.0,5061.666666666667,5058,6.66666666666697,-0.00019766752322591952,0.6666666666666666,-1.0
1,37700,STARFRUIT,5054,20,0.0,0.0,0.0,0.0,5061,20,0.0,0.0,0.0,0.0,5057.5,755.28515625,5054.0,5061.0,5058,7.0,-0.4942,0.0,0.0
1,37800,STARFRUIT,5055,25,0.0,0.0,0.0,0.0,5062,25,0.0,0.0,0.0,0.0,5058.5,745.91015625,5055.0,5062.0,5058,7.0,-0.4942,0.0,0.0
1,37900,STARFRUIT,5055,29,0.0,0.0,0.0,0.0,5062,29,0.0,0.0,0.0,0.0,5058.5,756.8359375,5055.0,5062.0,5058,7.0,-0.4942,0.0,0.0
1,38000,STARFRUIT,5055,30,0.0,0.0,0.0,0.0,5062,30,0.0,0.0,0.0,0.0,5058.5,753.125,5055.0,5062.0,5058,7.0,0.0,0.0,0.0
1,38100,STARFRUIT,5055,29,0.0,0.0,0.0,0.0,5060,4,5062.0,29.0,0.0,0.0,5057.5,750.125,5055.0,5061.757575757576,5058,6.757575757575978,-0.4942,0.7575757575757576,0.0
1,38200,STARFRUIT,5055,31,0.0,0.0,0.0,0.0,5062,31,0.0,0.0,0.0,0.0,5058.5,755.078125,5055.0,5062.0,5058,7.0,-0.4942,0.0,0.0
1,38300,STARFRUIT,5056,5,5055.0,22.0,0.0,0.0,5062,22,0.0,0.0,0.0,0.0,5059.0,753.7421875,5055.185185185185,5062.0,5059,6.814814814814781,-0.4941,-0.6296296296296297,1.0
1,38400,STARFRUIT,5055,31,0.0,0.0,0.0,0.0,5056,4,5061.0,2.0,5062.0,29.0,5055.5,757.890625,5055.0,5061.257142857143,5058,6.257142857142753,-0.00019766752322591952,0.7714285714285715,-1.0
1,38500,STARFRUIT,5055,24,0.0,0.0,0.0,0.0,5061,2,5062.0,22.0,0.0,0.0,5058.0,767.3828125,5055.0,5061.916666666667,5058,6.91666666666697,-0.4942,0.8461538461538461,0.0
1,38600,STARFRUIT,5055,31,0.0,0.0,0.0,0.0,5062,31,0.0,0.0,0.0,0.0,5058.5,763.421875,5055.0,5062.0,5058,7.0,-0.4942,0.0,0.0
1,38700,STARFRUIT,5056,21,0.0,0.0,0.0,0.0,5063,22,0.0,0.0,0.0,0.0,5059.5,756.79296875,5056.0,5063.0,5060,7.0,-0.494,-0.023255813953488372,2.0
1,38800,STARFRUIT,5056,2,5055.0,25.0,0.0,0.0,5060,2,5062.0,27.0,0.0,0.0,5058.0,760.69140625,5055.074074074074,5061.862068965517,5058,6.787994891443304,-0.00039525691699604515,0.0,-2.0
1,38900,STARFRUIT,5056,2,5055.0,23.0,0.0,0.0,5062,2,5063.0,23.0,0.0,0.0,5059.0,759.08203125,5055.08,5062.92,5059,7.8400000000001455,-0.4941,0.0,1.0
1,39000,STARFRUIT,5056,24,0.0,0.0,0.0,0.0,5059,3,5061.0,6.0,5062.0,1.0,5057.5,758.64453125,5056.0,5060.5,5058,4.5,-0.4942,0.7777777777777778,-1.0
1,39100,STARFRUIT,5057,8,5056.0,30.0,0.0,0.0,5062,2,5063.0,28.0,0.0,0.0,5059.5,758.53515625,5056.210526315789,5062.933333333333,5060,6.722807017544255,-0.494,0.6,2.0
1,39200,STARFRUIT,5056,5,5055.0,21.0,0.0,0.0,5058,4,5062.0,21.0,0.0,0.0,5057.0,761.54296875,5055.192307692308,5061.36,5058,6.16769230769205,-0.00039525691699604515,0.1111111111111111,-2.0
1,39300,STARFRUIT,5056,24,0.0,0.0,0.0,0.0,5063,24,0.0,0.0,0.0,0.0,5059.5,768.89697265625,5056.0,5063.0,5060,7.0,-0.494,0.0,2.0
1,39400,STARFRUIT,5056,21,0.0,0.0,0.0,0.0,5063,21,0.0,0.0,0.0,0.0,5059.5,768.71240234375,5056.0,5063.0,5060,7.0,-0.494,0.0,0.0
1,39500,STARFRUIT,5056,29,0.0,0.0,0.0,0.0,5061,3,5063.0,29.0,0.0,0.0,5058.5,768.6875,5056.0,5062.8125,5059,6.8125,-0.4941,0.8125,-1.0
1,39600,STARFRUIT,5056,31,0.0,0.0,0.0,0.0,5063,31,0.0,0.0,0.0,0.0,5059.5,768.76025390625,5056.0,5063.0,5060,7.0,0.00019766752322603054,0.0,1.0
1,39700,STARFRUIT,5055,29,0.0,0.0,0.0,0.0,5058,6,5062.0,30.0,0.0,0.0,5056.5,769.08056640625,5055.0,5061.333333333333,5058,6.33333333333303,-0.4942,0.6571428571428571,-2.0
1,39800,STARFRUIT,5055,24,0.0,0.0,0.0,0.0,5062,24,0.0,0.0,0.0,0.0,5058.5,772.0390625,5055.0,5062.0,5058,7.0,-0.4942,0.0,0.0
1,39900,STARFRUIT,5055,29,0.0,0.0,0.0,0.0,5060,7,5061.0,1.0,5062.0,28.0,5057.5,770.33984375,5055.0,5061.583333333333,5058,6.58333333333303,-0.4942,0.6111111111111112,0.0
1,40000,STARFRUIT,5055,1,5054.0,25.0,0.0,0.0,5061,1,5062.0,25.0,0.0,0.0,5058.0,769.99609375,5054.038461538462,5061.961538461538,5058,7.9230769230762235,0.0,0.0,0.0
1,40100,STARFRUIT,5055,30,0.0,0.0,0.0,0.0,5060,4,5062.0,30.0,0.0,0.0,5057.5,799.5703125,5055.0,5061.764705882353,5058,6.764705882353155,-0.4942505749425058,0.7647058823529411,0.0
1,40200,STARFRUIT,5055,25,0.0,0.0,0.0,0.0,5062,25,0.0,0.0,0.0,0.0,5058.5,805.9296875,5055.0,5062.0,5058,7.0,-0.4942,0.0,0.0
1,40300,STARFRUIT,5055,30,0.0,0.0,0.0,0.0,5062,30,0.0,0.0,0.0,0.0,5058.5,823.0234375,5055.0,5062.0,5058,7.0,-0.4942,0.0,0.0
1,40400,STARFRUIT,5055,25,0.0,0.0,0.0,0.0,5062,25,0.0,0.0,0.0,0.0,5058.5,824.171875,5055.0,5062.0,5058,7.0,0.0,0.0,0.0
1,40500,STARFRUIT,5054,22,0.0,0.0,0.0,0.0,5061,22,0.0,0.0,0.0,0.0,5057.5,810.5,5054.0,5061.0,5058,7.0,-0.4942,0.0,0.0
1,40600,STARFRUIT,5054,28,0.0,0.0,0.0,0.0,5061,28,0.0,0.0,0.0,0.0,5057.5,842.0,5054.0,5061.0,5058,7.0,-0.4942,0.0,0.0
1,40700,STARFRUIT,5061,1,5056.0,6.0,5055.0,30.0,5062,30,0.0,0.0,0.0,0.0,5061.5,842.0,5055.324324324324,5062.0,5059,6.675675675675848,-0.4941,-0.9354838709677419,1.0
1,40800,STARFRUIT,5055,21,0.0,0.0,0.0,0.0,5062,21,0.0,0.0,0.0,0.0,5058.5,844.6025390625,5055.0,5062.0,5058,7.0,-0.00019766752322591952,0.0,-1.0
1,40900,STARFRUIT,5056,3,5054.0,25.0,0.0,0.0,5062,25,0.0,0.0,0.0,0.0,5059.0,844.97607421875,5054.214285714285,5062.0,5058,7.7857142857146755,-0.4942,-0.7857142857142857,0.0
1,41000,STARFRUIT,5055,21,0.0,0.0,0.0,0.0,5058,2,5060.0,7.0,5062.0,21.0,5056.5,844.634765625,5055.0,5061.266666666666,5058,6.266666666666424,-0.4942,0.8260869565217391,0.0
1,41100,STARFRUIT,5055,2,5054.0,23.0,0.0,0.0,5061,2,5062.0,23.0,0.0,0.0,5058.0,844.9892578125,5054.08,5061.92,5058,7.8400000000001455,0.0,0.0,0.0
1,41200,STARFRUIT,5055,20,0.0,0.0,0.0,0.0,5062,20,0.0,0.0,0.0,0.0,5058.5,845.4736328125,5055.0,5062.0,5058,7.0,-0.4942,0.0,0.0
1,41300,STARFRUIT,5055,8,5054.0,27.0,0.0,0.0,5062,27,0.0,0.0,0.0,0.0,5058.5,845.00830078125,5054.228571428572,5062.0,5058,7.77142857142826,-0.4942,-0.5428571428571428,0.0
1,41400,STARFRUIT,5055,5,5054.0,30.0,0.0,0.0,5056,5,5061.0,30.0,0.0,0.0,5055.5,844.5283203125,5054.142857142857,5060.285714285715,5057,6.1428571428577925,-0.49429999999999996,0.0,-1.0
1,41500,STARFRUIT,5055,7,5054.0,31.0,0.0,0.0,5060,2,5061.0,29.0,0.0,0.0,5057.5,850.037109375,5054.184210526316,5060.935483870968,5058,6.751273344651963,0.00019774569903097117,0.5555555555555556,1.0
1,41600,STARFRUIT,5053,26,0.0,0.0,0.0,0.0,5060,26,0.0,0.0,0.0,0.0,5056.5,846.90625,5053.0,5060.0,5056,7.0,-0.49439999999999995,0.0,-2.0
1,41700,STARFRUIT,5058,2,5053.0,23.0,0.0,0.0,5060,23,0.0,0.0,0.0,0.0,5059.0,846.0234375,5053.4,5060.0,5057,6.600000000000364,-0.49429999999999996,-0.84,1.0
1,41800,STARFRUIT,5053,21,0.0,0.0,0.0,0.0,5060,1,5061.0,21.0,0.0,0.0,5056.5,851.099609375,5053.0,5060.954545454545,5057,7.954545454545041,-0.49429999999999996,0.9090909090909091,0.0
1,41900,STARFRUIT,5054,28,0.0,0.0,0.0,0.0,5061,28,0.0,0.0,0.0,0.0,5057.5,853.51171875,5054.0,5061.0,5058,7.0,0.00019774569903097117,0.0,1.0
1,42000,STARFRUIT,5055,28,0.0,0.0,0.0,0.0,5062,28,0.0,0.0,0.0,0.0,5058.5,855.986328125,5055.0,5062.0,5058,7.0,-0.4942,0.0,0.0
1,42100,STARFRUIT,5057,7,5056.0,22.0,0.0,0.0,5063,22,0.0,0.0,0.0,0.0,5060.0,859.93359375,5056.241379310345,5063.0,5060,6.75862068965489,-0.494,-0.5172413793103449,2.0
1,42200,STARFRUIT,5056,22,0.0,0.0,0.0,0.0,5063,22,0.0,0.0,0.0,0.0,5059.5,859.63671875,5056.0,5063.0,5060,7.0,-0.494,0.0,0.0
1,42300,STARFRUIT,5056,2,5055.0,20.0,0.0,0.0,5062,22,0.0,0.0,0.0,0.0,5059.0,858.6953125,5055.090909090909,5062.0,5059,6.909090909090992,-0.00019762845849802257,-0.8333333333333334,-1.0
1,42400,STARFRUIT,5055,28,0.0,0.0,0.0,0.0,5062,28,0.0,0.0,0.0,0.0,5058.5,857.537109375,5055.0,5062.0,5058,7.0,-0.4942,0.0,-1.0
1,42500,STARFRUIT,5055,24,0.0,0.0,0.0,0.0,5060,2,5062.0,24.0,0.0,0.0,5057.5,859.47265625,5055.0,5061.846153846154,5058,6.846153846154266,-0.4942,0.8461538461538461,0.0
1,42600,STARFRUIT,5060,1,5055.0,28.0,0.0,0.0,5062,28,0.0,0.0,0.0,0.0,5061.0,858.03515625,5055.172413793103,5062.0,5059,6.82758620689674,-0.4941,-0.9310344827586207,1.0
1,42700,STARFRUIT,5055,1,5054.0,23.0,0.0,0.0,5061,24,0.0,0.0,0.0,0.0,5058.0,858.228515625,5054.041666666667,5061.0,5058,6.95833333333303,-0.00019766752322591952,-0.92,-1.0
1,42800,STARFRUIT,5054,29,0.0,0.0,0.0,0.0,5058,2,5062.0,29.0,0.0,0.0,5056.0,859.025390625,5054.0,5061.741935483871,5058,7.7419354838712025,-0.4942,0.8709677419354839,0.0
1,42900,STARFRUIT,5054,20,0.0,0.0,0.0,0.0,5061,20,0.0,0.0,0.0,0.0,5057.5,855.689453125,5054.0,5061.0,5058,7.0,-0.4942,0.0,0.0
1,43000,STARFRUIT,5054,27,0.0,0.0,0.0,0.0,5061,27,0.0,0.0,0.0,0.0,5057.5,857.13671875,5054.0,5061.0,5058,7.0,-0.4942,0.0,0.0
1,43100,STARFRUIT,5054,25,0.0,0.0,0.0,0.0,5061,25,0.0,0.0,0.0,0.0,5057.5,856.39453125,5054.0,5061.0,5058,7.0,0.0,0.0,0.0
1,43200,STARFRUIT,5054,2,5053.0,29.0,0.0,0.0,5060,2,5061.0,29.0,0.0,0.0,5057.0,855.013671875,5053.064516129032,5060.935483870968,5057,7.870967741935601,-0.49429999999999996,0.0,-1.0
1,43300,STARFRUIT,5059,1,5053.0,20.0,0.0,0.0,5061,20,0.0,0.0,0.0,0.0,5060.0,855.037109375,5053.285714285715,5061.0,5057,7.7142857142853245,-0.49429999999999996,-0.9047619047619048,0.0
1,43400,STARFRUIT,5054,24,0.0,0.0,0.0,0.0,5060,2,5061.0,22.0,0.0,0.0,5057.0,857.328125,5054.0,5060.916666666667,5057,6.91666666666697,-0.49429999999999996,0.8461538461538461,0.0
1,43500,STARFRUIT,5055,6,5054.0,25.0,0.0,0.0,5061,25,0.0,0.0,0.0,0.0,5058.0,858.970703125,5054.193548387097,5061.0,5058,6.806451612903402,0.00019774569903097117,-0.6129032258064516,1.0
1,43600,STARFRUIT,5054,22,0.0,0.0,0.0,0.0,5059,1,5061.0,22.0,0.0,0.0,5056.5,857.693359375,5054.0,5060.913043478261,5057,6.913043478260988,-0.49429999999999996,0.9130434782608695,-1.0
1,43700,STARFRUIT,5054,1,5053.0,29.0,0.0,0.0,5060,30,0.0,0.0,0.0,0.0,5057.0,856.6806640625,5053.033333333334,5060.0,5057,6.966666666666242,-0.49429999999999996,-0.9354838709677419,0.0
1,43800,STARFRUIT,5053,23,0.0,0.0,0.0,0.0,5060,23,0.0,0.0,0.0,0.0,5056.5,855.44921875,5053.0,5060.0,5056,7.0,-0.49439999999999995,0.0,-1.0
1,43900,STARFRUIT,5053,8,5052.0,24.0,0.0,0.0,5059,26,0.0,0.0,0.0,0.0,5056.0,869.09765625,5052.25,5059.0,5056,6.75,0.0,-0.5294117647058824,0.0
1,44000,STARFRUIT,5053,27,0.0,0.0,0.0,0.0,5059,2,5060.0,25.0,0.0,0.0,5056.0,872.138671875,5053.0,5059.925925925926,5056,6.925925925926094,-0.494501099780044,0.8620689655172413,0.0
1,44100,STARFRUIT,5053,24,0.0,0.0,0.0,0.0,5058,4,5060.0,24.0,0.0,0.0,5055.5,870.685546875,5053.0,5059.714285714285,5056,6.7142857142853245,-0.49439999999999995,0.7142857142857143,0.0
1,44200,STARFRUIT,5053,24,0.0,0.0,0.0,0.0,5060,24,0.0,0.0,0.0,0.0,5056.5,870.580078125,5053.0,5060.0,5056,7.0,-0.49439999999999995,0.0,0.0
1,44300,STARFRUIT,5053,26,0.0,0.0,0.0,0.0,5060,26,0.0,0.0,0.0,0.0,5056.5,870.44140625,5053.0,5060.0,5056,7.0,0.0,0.0,0.0
1,44400,STARFRUIT,5054,1,5053.0,26.0,0.0,0.0,5060,26,0.0,0.0,0.0,0.0,5057.0,871.091796875,5053.037037037037,5060.0,5057,6.962962962962592,-0.49429999999999996,-0.9259259259259259,1.0
1,44500,STARFRUIT,5053,30,0.0,0.0,0.0,0.0,5060,30,0.0,0.0,0.0,0.0,5056.5,870.228515625,5053.0,5060.0,5056,7.0,-0.49439999999999995,0.0,-1.0
1,44600,STARFRUIT,5054,22,0.0,0.0,0.0,0.0,5060,1,5061.0,21.0,0.0,0.0,5057.0,868.51171875,5054.0,5060.954545454545,5057,6.954545454545041,-0.49429999999999996,0.9130434782608695,1.0
1,44700,STARFRUIT,5054,27,0.0,0.0,0.0,0.0,5059,6,5061.0,27.0,0.0,0.0,5056.5,866.9375,5054.0,5060.636363636364,5057,6.636363636363967,0.0,0.6363636363636364,0.0
1,44800,STARFRUIT,5054,25,0.0,0.0,0.0,0.0,5059,3,5061.0,25.0,0.0,0.0,5056.5,866.529296875,5054.0,5060.785714285715,5057,6.7857142857146755,-0.49429999999999996,0.7857142857142857,0.0
1,44900,STARFRUIT,5054,23,0.0,0.0,0.0,0.0,5060,2,5061.0,21.0,0.0,0.0,5057.0,868.140625,5054.0,5060.913043478261,5057,6.913043478260988,-0.49429999999999996,0.84,0.0
1,45000,STARFRUIT,5054,28,0.0,0.0,0.0,0.0,5055,1,5061.0,28.0,0.0,0.0,5054.5,866.81640625,5054.0,5060.793103448276,5057,6.79310344827627,-0.49429999999999996,0.9310344827586207,0.0
1,45100,STARFRUIT,5053,27,0.0,0.0,0.0,0.0,5060,27,0.0,0.0,0.0,0.0,5056.5,871.439453125,5053.0,5060.0,5056,7.0,-0.0001977456990310822,0.0,-1.0
1,45200,STARFRUIT,5053,20,0.0,0.0,0.0,0.0,5060,1,5061.0,20.0,0.0,0.0,5056.5,871.087890625,5053.0,5060.952380952381,5057,7.952380952380736,-0.49429999999999996,0.9047619047619048,1.0
1,45300,STARFRUIT,5053,23,0.0,0.0,0.0,0.0,5054,1,5060.0,23.0,0.0,0.0,5053.5,871.1904296875,5053.0,5059.75,5056,6.75,-0.49439999999999995,0.9166666666666666,-1.0
1,45400,STARFRUIT,5054,25,0.0,0.0,0.0,0.0,5061,25,0.0,0.0,0.0,0.0,5057.5,872.9765625,5054.0,5061.0,5058,7.0,0.00039556962025311115,0.0,2.0
1,45500,STARFRUIT,5054,21,0.0,0.0,0.0,0.0,5055,3,5060.0,1.0,5061.0,20.0,5054.5,873.7470703125,5054.0,5060.208333333333,5057,6.20833333333303,-0.49429999999999996,0.75,-1.0
1,45600,STARFRUIT,5054,1,5053.0,23.0,0.0,0.0,5059,6,5060.0,1.0,5061.0,23.0,5056.5,879.98681640625,5053.041666666667,5060.566666666667,5057,7.524999999999636,-0.49429999999999996,-0.7142857142857143,0.0
1,45700,STARFRUIT,5054,23,0.0,0.0,0.0,0.0,5061,23,0.0,0.0,0.0,0.0,5057.5,880.35791015625,5054.0,5061.0,5058,7.0,-0.4942,0.0,1.0
1,45800,STARFRUIT,5057,5,5054.0,32.0,0.0,0.0,5061,32,0.0,0.0,0.0,0.0,5059.0,880.55517578125,5054.405405405405,5061.0,5058,6.594594594595037,0.0,-0.7297297297297297,0.0
1,45900,STARFRUIT,5054,26,0.0,0.0,0.0,0.0,5055,1,5061.0,26.0,0.0,0.0,5054.5,880.57568359375,5054.0,5060.777777777777,5057,6.777777777777374,-0.49440111977604484,0.9259259259259259,-1.0
1,46000,STARFRUIT,5054,23,0.0,0.0,0.0,0.0,5061,23,0.0,0.0,0.0,0.0,5057.5,882.8984375,5054.0,5061.0,5058,7.0,-0.4942,0.0,1.0
1,46100,STARFRUIT,5055,4,5054.0,25.0,0.0,0.0,5061,25,0.0,0.0,0.0,0.0,5058.0,882.2763671875,5054.137931034483,5061.0,5058,6.86206896551721,-0.4942,-0.7241379310344828,0.0
1,46200,STARFRUIT,5054,4,5053.0,24.0,0.0,0.0,5060,24,0.0,0.0,0.0,0.0,5057.0,881.751953125,5053.142857142857,5060.0,5057,6.857142857143117,-0.00019770660340057145,-0.7142857142857143,-1.0
1,46300,STARFRUIT,5054,28,0.0,0.0,0.0,0.0,5060,2,5061.0,26.0,0.0,0.0,5057.0,882.2236328125,5054.0,5060.928571428572,5057,6.9285714285715585,-0.49429999999999996,0.8666666666666667,0.0
1,46400,STARFRUIT,5059,1,5054.0,24.0,0.0,0.0,5061,24,0.0,0.0,0.0,0.0,5060.0,882.1357421875,5054.2,5061.0,5058,6.800000000000182,-0.4942,-0.92,1.0
1,46500,STARFRUIT,5058,2,5054.0,30.0,0.0,0.0,5061,30,0.0,0.0,0.0,0.0,5059.5,884.36328125,5054.25,5061.0,5058,6.75,-0.4942,-0.875,0.0
1,46600,STARFRUIT,5060,1,5055.0,4.0,5054.0,28.0,5061,28,0.0,0.0,0.0,0.0,5060.5,885.41845703125,5054.30303030303,5061.0,5058,6.696969696969973,0.0,-0.9310344827586207,0.0
1,46700,STARFRUIT,5055,30,0.0,0.0,0.0,0.0,5061,1,5062.0,29.0,0.0,0.0,5058.0,886.71875,5055.0,5061.966666666666,5058,6.966666666666242,-0.4942,0.9354838709677419,0.0
1,46800,STARFRUIT,5055,25,0.0,0.0,0.0,0.0,5062,25,0.0,0.0,0.0,0.0,5058.5,886.8095703125,5055.0,5062.0,5058,7.0,-0.4942,0.0,0.0
1,46900,STARFRUIT,5054,30,0.0,0.0,0.0,0.0,5055,10,5061.0,30.0,0.0,0.0,5054.5,888.427734375,5054.0,5059.5,5057,5.5,-0.49429999999999996,0.5,-1.0
1,47000,STARFRUIT,5054,23,0.0,0.0,0.0,0.0,5061,23,0.0,0.0,0.0,0.0,5057.5,911.4375,5054.0,5061.0,5058,7.0,0.00019774569903097117,0.0,1.0
1,47100,STARFRUIT,5053,22,0.0,0.0,0.0,0.0,5060,22,0.0,0.0,0.0,0.0,5056.5,908.578125,5053.0,5060.0,5056,7.0,-0.49439999999999995,0.0,-2.0
1,47200,STARFRUIT,5059,1,5053.0,23.0,0.0,0.0,5060,23,0.0,0.0,0.0,0.0,5059.5,906.02734375,5053.25,5060.0,5057,6.75,-0.49429999999999996,-0.9166666666666666,1.0
1,47300,STARFRUIT,5055,5,5054.0,21.0,0.0,0.0,5061,21,0.0,0.0,0.0,0.0,5058.0,913.44921875,5054.192307692308,5061.0,5058,6.807692307692378,-0.4942,-0.6153846153846154,1.0
1,47400,STARFRUIT,5059,5,5054.0,22.0,0.0,0.0,5061,22,0.0,0.0,0.0,0.0,5060.0,912.19140625,5054.925925925926,5061.0,5058,6.074074074073906,0.0,-0.6296296296296297,0.0
1,47500,STARFRUIT,5054,22,0.0,0.0,0.0,0.0,5059,5,5061.0,22.0,0.0,0.0,5056.5,921.71875,5054.0,5060.62962962963,5057,6.629629629629562,-0.49429999999999996,0.6296296296296297,-1.0
1,47600,STARFRUIT,5054,21,0.0,0.0,0.0,0.0,5062,21,0.0,0.0,0.0,0.0,5058.0,923.037109375,5054.0,5062.0,5058,8.0,-0.4942,0.0,1.0
1,47700,STARFRUIT,5055,23,0.0,0.0,0.0,0.0,5060,4,5062.0,23.0,0.0,0.0,5057.5,924.5966796875,5055.0,5061.7037037037035,5058,6.703703703703468,-0.4942,0.7037037037037037,0.0
1,47800,STARFRUIT,5056,20,0.0,0.0,0.0,0.0,5061,7,5063.0,20.0,0.0,0.0,5058.5,955.73828125,5056.0,5062.481481481482,5059,6.481481481481751,0.00019770660340046042,0.48148148148148145,1.0
1,47900,STARFRUIT,5056,23,0.0,0.0,0.0,0.0,5063,23,0.0,0.0,0.0,0.0,5059.5,957.7265625,5056.0,5063.0,5060,7.0,-0.494,0.0,1.0
1,48000,STARFRUIT,5056,27,0.0,0.0,0.0,0.0,5062,1,5063.0,26.0,0.0,0.0,5059.0,956.4453125,5056.0,5062.962962962963,5059,6.962962962962592,-0.4941,0.9285714285714286,-1.0
1,48100,STARFRUIT,5056,30,0.0,0.0,0.0,0.0,5061,1,5063.0,30.0,0.0,0.0,5058.5,959.84375,5056.0,5062.935483870968,5059,6.935483870967801,-0.4941,0.9354838709677419,0.0
1,48200,STARFRUIT,5057,1,5056.0,27.0,0.0,0.0,5063,27,0.0,0.0,0.0,0.0,5060.0,957.94140625,5056.035714285715,5063.0,5060,6.9642857142853245,0.00019766752322603054,-0.9285714285714286,1.0
1,48300,STARFRUIT,5055,21,0.0,0.0,0.0,0.0,5056,4,5061.0,1.0,5062.0,20.0,5055.5,943.5625,5055.0,5061.0,5058,6.0,-0.4942,0.68,-2.0
1,48400,STARFRUIT,5054,32,0.0,0.0,0.0,0.0,5059,6,5061.0,32.0,0.0,0.0,5056.5,943.6796875,5054.0,5060.684210526316,5057,6.684210526315837,-0.49429999999999996,0.6842105263157895,-1.0
1,48500,STARFRUIT,5054,29,0.0,0.0,0.0,0.0,5061,29,0.0,0.0,0.0,0.0,5057.5,939.59375,5054.0,5061.0,5058,7.0,-0.4942,0.0,1.0
1,48600,STARFRUIT,5053,27,0.0,0.0,0.0,0.0,5060,27,0.0,0.0,0.0,0.0,5056.5,931.09375,5053.0,5060.0,5056,7.0,-0.0003954132068011429,0.0,-2.0
1,48700,STARFRUIT,5054,23,0.0,0.0,0.0,0.0,5057,2,5061.0,23.0,0.0,0.0,5055.5,942.984375,5054.0,5060.68,5057,6.680000000000291,-0.49429999999999996,0.84,1.0
1,48800,STARFRUIT,5054,29,0.0,0.0,0.0,0.0,5061,29,0.0,0.0,0.0,0.0,5057.5,939.421875,5054.0,5061.0,5058,7.0,-0.4942,0.0,1.0
1,48900,STARFRUIT,5053,22,0.0,0.0,0.0,0.0,5054,1,5060.0,22.0,0.0,0.0,5053.5,928.3359375,5053.0,5059.739130434783,5056,6.739130434782965,-0.49439999999999995,0.9130434782608695,-2.0
1,49000,STARFRUIT,5053,1,5052.0,28.0,0.0,0.0,5059,29,0.0,0.0,0.0,0.0,5056.0,918.625,5052.0344827586205,5059.0,5056,6.96551724137953,0.0,-0.9333333333333333,0.0
1,49100,STARFRUIT,5053,30,0.0,0.0,0.0,0.0,5060,30,0.0,0.0,0.0,0.0,5056.5,925.203125,5053.0,5060.0,5056,7.0,-0.49439999999999995,0.0,0.0
1,49200,STARFRUIT,5053,26,0.0,0.0,0.0,0.0,5060,26,0.0,0.0,0.0,0.0,5056.5,929.46875,5053.0,5060.0,5056,7.0,-0.49439999999999995,0.0,0.0
1,49300,STARFRUIT,5055,6,5054.0,29.0,0.0,0.0,5061,29,0.0,0.0,0.0,0.0,5058.0,941.4765625,5054.171428571429,5061.0,5058,6.828571428571195,-0.4942,-0.6571428571428571,2.0
1,49400,STARFRUIT,5054,1,5053.0,22.0,0.0,0.0,5060,23,0.0,0.0,0.0,0.0,5057.0,937.28125,5053.04347826087,5060.0,5057,6.956521739130039,-0.00019770660340057145,-0.9166666666666666,-1.0
1,49500,STARFRUIT,5054,25,0.0,0.0,0.0,0.0,5060,1,5061.0,24.0,0.0,0.0,5057.0,938.7421875,5054.0,5060.96,5057,6.960000000000036,-0.49429999999999996,0.9230769230769231,0.0
1,49600,STARFRUIT,5054,2,5053.0,28.0,0.0,0.0,5057,3,5060.0,2.0,5061.0,28.0,5055.5,938.546875,5053.066666666667,5060.575757575758,5057,7.509090909091356,-0.49429999999999996,-0.2,0.0
1,49700,STARFRUIT,5058,1,5054.0,6.0,5053.0,21.0,5060,21,0.0,0.0,0.0,0.0,5059.0,928.5625,5053.392857142857,5060.0,5057,6.607142857143117,-0.49429999999999996,-0.9090909090909091,0.0
1,49800,STARFRUIT,5053,20,0.0,0.0,0.0,0.0,5054,1,5060.0,20.0,0.0,0.0,5053.5,938.15625,5053.0,5059.714285714285,5056,6.7142857142853245,-0.0001977456990310822,0.9047619047619048,-1.0
1,49900,STARFRUIT,5054,6,5053.0,23.0,0.0,0.0,5060,1,5061.0,23.0,0.0,0.0,5057.0,942.0234375,5053.206896551724,5060.958333333333,5057,7.7514367816093,-0.49429999999999996,0.7142857142857143,1.0
1,50000,STARFRUIT,5054,2,5053.0,24.0,0.0,0.0,5060,26,0.0,0.0,0.0,0.0,5057.0,938.734375,5053.076923076923,5060.0,5057,6.923076923077133,-0.49429999999999996,-0.8571428571428571,0.0
1,50100,STARFRUIT,5054,2,5053.0,22.0,0.0,0.0,5060,24,0.0,0.0,0.0,0.0,5057.0,939.78125,5053.083333333333,5060.0,5057,6.91666666666697,0.0,-0.8461538461538461,0.0
1,50200,STARFRUIT,5053,29,0.0,0.0,0.0,0.0,5060,29,0.0,0.0,0.0,0.0,5056.5,937.921875,5053.0,5060.0,5056,7.0,-0.49439999999999995,0.0,-1.0
1,50300,STARFRUIT,5053,23,0.0,0.0,0.0,0.0,5058,4,5060.0,23.0,0.0,0.0,5055.5,938.453125,5053.0,5059.7037037037035,5056,6.703703703703468,-0.49439999999999995,0.7037037037037037,0.0
1,50400,STARFRUIT,5054,2,5053.0,23.0,0.0,0.0,5055,3,5060.0,23.0,0.0,0.0,5054.5,934.8046875,5053.08,5059.423076923077,5056,6.343076923077206,-0.49439999999999995,-0.2,0.0
1,50500,STARFRUIT,5055,4,5053.0,1.0,5052.0,27.0,5059,1,5060.0,27.0,0.0,0.0,5057.0,928.9375,5052.40625,5059.964285714285,5056,7.5580357142853245,0.0,0.6,0.0
1,50600,STARFRUIT,5053,2,5052.0,22.0,0.0,0.0,5055,4,5059.0,24.0,0.0,0.0,5054.0,925.1953125,5052.083333333333,5058.428571428572,5055,6.345238095238528,-0.4946010797840432,-0.3333333333333333,-1.0
1,50700,STARFRUIT,5052,20,0.0,0.0,0.0,0.0,5059,20,0.0,0.0,0.0,0.0,5055.5,921.796875,5052.0,5059.0,5056,7.0,-0.49439999999999995,0.0,1.0
1,50800,STARFRUIT,5053,2,5052.0,26.0,0.0,0.0,5059,2,5060.0,26.0,0.0,0.0,5056.0,928.5,5052.071428571428,5059.928571428572,5056,7.857142857143117,-0.49439999999999995,0.0,0.0
1,50900,STARFRUIT,5053,29,0.0,0.0,0.0,0.0,5056,5,5060.0,30.0,0.0,0.0,5054.5,931.359375,5053.0,5059.428571428572,5056,6.4285714285715585,0.0,0.7058823529411765,0.0
1,51000,STARFRUIT,5053,25,0.0,0.0,0.0,0.0,5060,25,0.0,0.0,0.0,0.0,5056.5,933.8984375,5053.0,5060.0,5056,7.0,-0.49439999999999995,0.0,0.0
1,51100,STARFRUIT,5054,3,5053.0,29.0,0.0,0.0,5060,29,0.0,0.0,0.0,0.0,5057.0,939.5859375,5053.09375,5060.0,5057,6.90625,-0.49429999999999996,-0.8125,1.0
1,51200,STARFRUIT,5053,30,0.0,0.0,0.0,0.0,5060,30,0.0,0.0,0.0,0.0,5056.5,941.2734375,5053.0,5060.0,5056,7.0,-0.49439999999999995,0.0,-1.0
1,51300,STARFRUIT,5054,2,5053.0,23.0,0.0,0.0,5060,25,0.0,0.0,0.0,0.0,5057.0,945.828125,5053.08,5060.0,5057,6.920000000000073,0.0001977848101266666,-0.8518518518518519,1.0
1,51400,STARFRUIT,5054,23,0.0,0.0,0.0,0.0,5059,5,5060.0,1.0,5061.0,22.0,5056.5,950.0625,5054.0,5060.607142857143,5057,6.607142857143117,-0.49419883976795365,0.6428571428571429,0.0
1,51500,STARFRUIT,5054,21,0.0,0.0,0.0,0.0,5061,21,0.0,0.0,0.0,0.0,5057.5,959.3203125,5054.0,5061.0,5058,7.0,-0.4942,0.0,1.0
1,51600,STARFRUIT,5058,4,5054.0,23.0,0.0,0.0,5059,1,5060.0,2.0,5061.0,21.0,5058.5,975.296875,5054.592592592592,5060.833333333333,5058,6.2407407407408755,-0.4942,0.6,0.0
1,51700,STARFRUIT,5054,32,0.0,0.0,0.0,0.0,5061,32,0.0,0.0,0.0,0.0,5057.5,978.8642578125,5054.0,5061.0,5058,7.0,0.0,0.0,0.0
1,51800,STARFRUIT,5053,25,0.0,0.0,0.0,0.0,5060,25,0.0,0.0,0.0,0.0,5056.5,977.52734375,5053.0,5060.0,5056,7.0,-0.49439999999999995,0.0,-2.0
1,51900,STARFRUIT,5054,2,5053.0,26.0,0.0,0.0,5060,2,5061.0,26.0,0.0,0.0,5057.0,978.087890625,5053.071428571428,5060.928571428572,5057,7.857142857143117,-0.49429999999999996,0.0,1.0
1,52000,STARFRUIT,5055,5,5054.0,21.0,0.0,0.0,5057,5,5061.0,21.0,0.0,0.0,5056.0,978.306640625,5054.192307692308,5060.2307692307695,5057,6.038461538461888,-0.49429999999999996,0.0,0.0
1,52100,STARFRUIT,5053,28,0.0,0.0,0.0,0.0,5060,28,0.0,0.0,0.0,0.0,5056.5,975.9521484375,5053.0,5060.0,5056,7.0,-0.0001977456990310822,0.0,-1.0
1,52200,STARFRUIT,5053,23,0.0,0.0,0.0,0.0,5054,1,5060.0,23.0,0.0,0.0,5053.5,976.640625,5053.0,5059.75,5056,6.75,-0.49439999999999995,0.9166666666666666,0.0
1,52300,STARFRUIT,5052,30,0.0,0.0,0.0,0.0,5059,30,0.0,0.0,0.0,0.0,5055.5,975.740234375,5052.0,5059.0,5056,7.0,-0.49439999999999995,0.0,0.0
1,52400,STARFRUIT,5053,2,5052.0,20.0,0.0,0.0,5056,4,5059.0,1.0,5060.0,20.0,5054.5,977.0078125,5052.090909090909,5059.32,5056,7.229090909090701,-0.49439999999999995,-0.3333333333333333,0.0
1,52500,STARFRUIT,5052,27,0.0,0.0,0.0,0.0,5059,27,0.0,0.0,0.0,0.0,5055.5,974.724609375,5052.0,5059.0,5056,7.0,0.0,0.0,0.0
1,52600,STARFRUIT,5052,3,5051.0,30.0,0.0,0.0,5053,2,5058.0,31.0,0.0,0.0,5052.5,972.4609375,5051.090909090909,5057.69696969697,5054,6.606060606060964,-0.49460000000000004,0.2,-2.0
1,52700,STARFRUIT,5057,1,5051.0,25.0,0.0,0.0,5058,25,0.0,0.0,0.0,0.0,5057.5,974.40625,5051.2307692307695,5058.0,5055,6.769230769230489,-0.49450000000000005,-0.9230769230769231,1.0
1,52800,STARFRUIT,5057,1,5051.0,28.0,0.0,0.0,5058,28,0.0,0.0,0.0,0.0,5057.5,976.6875,5051.206896551724,5058.0,5055,6.79310344827627,-0.49450000000000005,-0.9310344827586207,0.0
1,52900,STARFRUIT,5051,1,5050.0,26.0,0.0,0.0,5057,1,5058.0,26.0,0.0,0.0,5054.0,976.927734375,5050.037037037037,5057.962962962963,5054,7.925925925925185,-0.00019782393669631748,0.0,-1.0
1,53000,STARFRUIT,5051,30,0.0,0.0,0.0,0.0,5058,30,0.0,0.0,0.0,0.0,5054.5,978.49609375,5051.0,5058.0,5054,7.0,-0.49460000000000004,0.0,0.0
1,53100,STARFRUIT,5051,23,0.0,0.0,0.0,0.0,5058,23,0.0,0.0,0.0,0.0,5054.5,978.490234375,5051.0,5058.0,5054,7.0,-0.4945494549454945,0.0,0.0
1,53200,STARFRUIT,5056,1,5051.0,23.0,0.0,0.0,5058,23,0.0,0.0,0.0,0.0,5057.0,977.421875,5051.208333333333,5058.0,5055,6.79166666666697,-0.49450000000000005,-0.9166666666666666,1.0
1,53300,STARFRUIT,5051,20,0.0,0.0,0.0,0.0,5058,20,0.0,0.0,0.0,0.0,5054.5,980.48828125,5051.0,5058.0,5054,7.0,-0.00019782393669631748,0.0,-1.0
1,53400,STARFRUIT,5051,9,5050.0,30.0,0.0,0.0,5057,32,0.0,0.0,0.0,0.0,5054.0,994.0078125,5050.2307692307695,5057.0,5054,6.769230769230489,-0.49460000000000004,-0.5609756097560976,0.0
1,53500,STARFRUIT,5051,25,0.0,0.0,0.0,0.0,5056,2,5058.0,25.0,0.0,0.0,5053.5,1000.2578125,5051.0,5057.851851851852,5054,6.851851851852189,-0.49460000000000004,0.8518518518518519,0.0
1,53600,STARFRUIT,5051,1,5050.0,22.0,0.0,0.0,5057,1,5058.0,22.0,0.0,0.0,5054.0,995.26953125,5050.04347826087,5057.95652173913,5054,7.913043478260079,-0.49460000000000004,0.0,0.0
1,53700,STARFRUIT,5051,1,5050.0,23.0,0.0,0.0,5057,23,0.0,0.0,0.0,0.0,5054.0,986.265625,5050.041666666667,5057.0,5054,6.95833333333303,0.0,-0.9166666666666666,0.0
1,53800,STARFRUIT,5049,29,0.0,0.0,0.0,0.0,5056,29,0.0,0.0,0.0,0.0,5052.5,981.83984375,5049.0,5056.0,5052,7.0,-0.4948,0.0,-2.0
1,53900,STARFRUIT,5049,26,0.0,0.0,0.0,0.0,5052,4,5056.0,26.0,0.0,0.0,5050.5,976.26953125,5049.0,5055.466666666666,5052,6.466666666666242,-0.49469893978795754,0.7333333333333333,0.0
1,54000,STARFRUIT,5050,8,5049.0,21.0,0.0,0.0,5056,22,0.0,0.0,0.0,0.0,5053.0,981.98046875,5049.275862068966,5056.0,5053,6.72413793103442,-0.49470000000000003,-0.4666666666666667,1.0
1,54100,STARFRUIT,5050,4,5049.0,22.0,0.0,0.0,5056,22,0.0,0.0,0.0,0.0,5053.0,978.5390625,5049.153846153846,5056.0,5053,6.846153846154266,0.0,-0.6923076923076923,0.0
1,54200,STARFRUIT,5049,21,0.0,0.0,0.0,0.0,5050,1,5056.0,21.0,0.0,0.0,5049.5,986.0,5049.0,5055.727272727273,5052,6.727272727272975,-0.4948,0.9090909090909091,-1.0
1,54300,STARFRUIT,5050,2,5049.0,26.0,0.0,0.0,5056,2,5057.0,26.0,0.0,0.0,5053.0,990.98046875,5049.071428571428,5056.928571428572,5053,7.857142857143117,-0.49470000000000003,0.0,1.0
1,54400,STARFRUIT,5050,22,0.0,0.0,0.0,0.0,5057,22,0.0,0.0,0.0,0.0,5053.5,997.75390625,5050.0,5057.0,5054,7.0,0.00019790223629523318,0.0,1.0
1,54500,STARFRUIT,5049,29,0.0,0.0,0.0,0.0,5056,29,0.0,0.0,0.0,0.0,5052.5,986.59765625,5049.0,5056.0,5052,7.0,-0.4948,0.0,-2.0
1,54600,STARFRUIT,5049,1,5048.0,29.0,0.0,0.0,5055,30,0.0,0.0,0.0,0.0,5052.0,982.1953125,5048.033333333334,5055.0,5052,6.966666666666242,-0.4948,-0.9354838709677419,0.0
1,54700,STARFRUIT,5049,23,0.0,0.0,0.0,0.0,5056,23,0.0,0.0,0.0,0.0,5052.5,987.4296875,5049.0,5056.0,5052,7.0,-0.4948,0.0,0.0
1,54800,STARFRUIT,5049,9,5048.0,23.0,0.0,0.0,5055,2,5056.0,23.0,0.0,0.0,5052.0,988.86328125,5048.28125,5055.92,5052,7.638750000000073,0.0,0.6363636363636364,0.0
1,54900,STARFRUIT,5049,2,5048.0,22.0,0.0,0.0,5053,1,5055.0,24.0,0.0,0.0,5051.0,988.0234375,5048.083333333333,5054.92,5052,6.836666666667043,-0.4948,0.3333333333333333,0.0
1,55000,STARFRUIT,5048,22,0.0,0.0,0.0,0.0,5053,7,5055.0,22.0,0.0,0.0,5050.5,981.484375,5048.0,5054.517241379311,5051,6.51724137931069,-0.4949,0.5172413793103449,-1.0
1,55100,STARFRUIT,5048,2,5047.0,24.0,0.0,0.0,5054,26,0.0,0.0,0.0,0.0,5051.0,978.234375,5047.076923076923,5054.0,5051,6.923076923077133,-0.4949,-0.8571428571428571,0.0
1,55200,STARFRUIT,5046,25,0.0,0.0,0.0,0.0,5053,26,0.0,0.0,0.0,0.0,5049.5,968.4375,5046.0,5053.0,5050,7.0,-0.00019798059790143707,-0.0196078431372549,-1.0
1,55300,STARFRUIT,5046,22,0.0,0.0,0.0,0.0,5051,3,5053.0,22.0,0.0,0.0,5048.5,961.07421875,5046.0,5052.76,5049,6.760000000000218,-0.4951,0.76,-1.0
1,55400,STARFRUIT,5047,5,5046.0,28.0,0.0,0.0,5053,28,0.0,0.0,0.0,0.0,5050.0,964.8828125,5046.151515151515,5053.0,5050,6.848484848484986,-0.495,-0.696969696969697,1.0
1,55500,STARFRUIT,5046,24,0.0,0.0,0.0,0.0,5051,2,5053.0,24.0,0.0,0.0,5048.5,961.9609375,5046.0,5052.846153846154,5049,6.846153846154266,-0.4951,0.8461538461538461,-1.0
1,55600,STARFRUIT,5046,23,0.0,0.0,0.0,0.0,5053,23,0.0,0.0,0.0,0.0,5049.5,965.5390625,5046.0,5053.0,5050,7.0,0.00019805902158842592,0.0,1.0
1,55700,STARFRUIT,5046,22,0.0,0.0,0.0,0.0,5053,22,0.0,0.0,0.0,0.0,5049.5,966.67578125,5046.0,5053.0,5050,7.0,-0.495,0.0,0.0
1,55800,STARFRUIT,5047,8,5046.0,26.0,0.0,0.0,5053,26,0.0,0.0,0.0,0.0,5050.0,964.640625,5046.235294117647,5053.0,5050,6.764705882353155,-0.495,-0.5294117647058824,0.0
1,55900,STARFRUIT,5049,4,5046.0,20.0,0.0,0.0,5053,20,0.0,0.0,0.0,0.0,5051.0,962.015625,5046.5,5053.0,5050,6.5,-0.495,-0.6666666666666666,0.0
1,56000,STARFRUIT,5048,2,5045.0,25.0,0.0,0.0,5050,7,5052.0,25.0,0.0,0.0,5049.0,955.50390625,5045.222222222223,5051.5625,5048,6.340277777777374,-0.0003960396039603964,-0.5555555555555556,-2.0
1,56100,STARFRUIT,5046,1,5045.0,27.0,0.0,0.0,5052,28,0.0,0.0,0.0,0.0,5049.0,957.921875,5045.035714285715,5052.0,5049,6.9642857142853245,-0.4951,-0.9310344827586207,1.0
1,56200,STARFRUIT,5045,1,5044.0,30.0,0.0,0.0,5047,4,5051.0,31.0,0.0,0.0,5046.0,948.55078125,5044.032258064516,5050.542857142857,5047,6.510599078341329,-0.49519903980796154,-0.6,-2.0
1,56300,STARFRUIT,5044,28,0.0,0.0,0.0,0.0,5051,28,0.0,0.0,0.0,0.0,5047.5,945.09375,5044.0,5051.0,5048,7.0,-0.4952,0.0,1.0
1,56400,STARFRUIT,5044,29,0.0,0.0,0.0,0.0,5051,29,0.0,0.0,0.0,0.0,5047.5,948.2578125,5044.0,5051.0,5048,7.0,0.0,0.0,0.0
1,56500,STARFRUIT,5044,21,0.0,0.0,0.0,0.0,5052,21,0.0,0.0,0.0,0.0,5048.0,953.3671875,5044.0,5052.0,5048,8.0,-0.4952,0.0,0.0
1,56600,STARFRUIT,5045,2,5044.0,28.0,0.0,0.0,5049,3,5051.0,30.0,0.0,0.0,5047.0,951.59375,5044.066666666667,5050.818181818182,5047,6.7515151515153775,-0.49529999999999996,-0.2,-1.0
1,56700,STARFRUIT,5045,2,5044.0,27.0,0.0,0.0,5046,4,5052.0,27.0,0.0,0.0,5045.5,953.125,5044.068965517241,5051.225806451613,5048,7.156840934371758,-0.4952,-0.3333333333333333,1.0
1,56800,STARFRUIT,5045,8,5044.0,23.0,0.0,0.0,5051,23,0.0,0.0,0.0,0.0,5048.0,956.6171875,5044.258064516129,5051.0,5048,6.7419354838712025,0.0,-0.4838709677419355,0.0
1,56900,STARFRUIT,5045,21,0.0,0.0,0.0,0.0,5052,21,0.0,0.0,0.0,0.0,5048.5,966.984375,5045.0,5052.0,5048,7.0,-0.4952,0.0,0.0
1,57000,STARFRUIT,5046,22,0.0,0.0,0.0,0.0,5053,22,0.0,0.0,0.0,0.0,5049.5,984.390625,5046.0,5053.0,5050,7.0,-0.495,0.0,2.0
1,57100,STARFRUIT,5051,1,5045.0,24.0,0.0,0.0,5052,24,0.0,0.0,0.0,0.0,5051.5,977.375,5045.24,5052.0,5049,6.760000000000218,-0.4951,-0.92,-1.0
1,57200,STARFRUIT,5046,26,0.0,0.0,0.0,0.0,5053,26,0.0,0.0,0.0,0.0,5049.5,985.46875,5046.0,5053.0,5050,7.0,0.00019805902158842592,0.0,1.0
1,57300,STARFRUIT,5046,31,0.0,0.0,0.0,0.0,5051,1,5052.0,1.0,5053.0,30.0,5048.5,982.3125,5046.0,5052.90625,5049,6.90625,-0.4951,0.9375,-1.0
1,57400,STARFRUIT,5046,1,5045.0,27.0,0.0,0.0,5052,28,0.0,0.0,0.0,0.0,5049.0,977.71875,5045.035714285715,5052.0,5049,6.9642857142853245,-0.4951,-0.9310344827586207,0.0
1,57500,STARFRUIT,5046,2,5045.0,21.0,0.0,0.0,5052,21,0.0,0.0,0.0,0.0,5049.0,975.703125,5045.086956521739,5052.0,5049,6.913043478260988,-0.4951,-0.8260869565217391,0.0
1,57600,STARFRUIT,5049,5,5046.0,22.0,0.0,0.0,5052,2,5053.0,20.0,0.0,0.0,5050.5,984.328125,5046.555555555556,5052.909090909091,5050,6.353535353535335,0.00019805902158842592,0.42857142857142855,1.0
1,57700,STARFRUIT,5045,22,0.0,0.0,0.0,0.0,5052,22,0.0,0.0,0.0,0.0,5048.5,974.53125,5045.0,5052.0,5048,7.0,-0.4952,0.0,-2.0
1,57800,STARFRUIT,5045,7,5044.0,28.0,0.0,0.0,5051,28,0.0,0.0,0.0,0.0,5048.0,959.53125,5044.2,5051.0,5048,6.800000000000182,-0.4952,-0.6,0.0
1,57900,STARFRUIT,5045,28,0.0,0.0,0.0,0.0,5046,5,5052.0,28.0,0.0,0.0,5045.5,968.484375,5045.0,5051.090909090909,5048,6.090909090909008,-0.4952,0.696969696969697,0.0
1,58000,STARFRUIT,5045,28,0.0,0.0,0.0,0.0,5052,28,0.0,0.0,0.0,0.0,5048.5,971.671875,5045.0,5052.0,5048,7.0,0.0,0.0,0.0
1,58100,STARFRUIT,5045,20,0.0,0.0,0.0,0.0,5052,20,0.0,0.0,0.0,0.0,5048.5,1015.1953125,5045.0,5052.0,5048,7.0,-0.4952,0.0,0.0
1,58200,STARFRUIT,5045,29,0.0,0.0,0.0,0.0,5052,29,0.0,0.0,0.0,0.0,5048.5,1014.513671875,5045.0,5052.0,5048,7.0,-0.4952,0.0,0.0
1,58300,STARFRUIT,5045,30,0.0,0.0,0.0,0.0,5052,30,0.0,0.0,0.0,0.0,5048.5,1014.50390625,5045.0,5052.0,5048,7.0,-0.4952,0.0,0.0
1,58400,STARFRUIT,5045,25,0.0,0.0,0.0,0.0,5052,25,0.0,0.0,0.0,0.0,5048.5,1012.78125,5045.0,5052.0,5048,7.0,0.0,0.0,0.0
1,58500,STARFRUIT,5045,22,0.0,0.0,0.0,0.0,5050,2,5051.0,2.0,5052.0,20.0,5047.5,1013.06640625,5045.0,5051.75,5048,6.75,-0.4952,0.8333333333333334,0.0
1,58600,STARFRUIT,5045,23,0.0,0.0,0.0,0.0,5052,23,0.0,0.0,0.0,0.0,5048.5,1014.208984375,5045.0,5052.0,5048,7.0,-0.4952,0.0,0.0
1,58700,STARFRUIT,5045,30,0.0,0.0,0.0,0.0,5048,4,5052.0,30.0,0.0,0.0,5046.5,1019.015625,5045.0,5051.529411764706,5048,6.52941176470631,-0.4952,0.7647058823529411,0.0
1,58800,STARFRUIT,5046,31,0.0,0.0,0.0,0.0,5051,5,5052.0,1.0,5053.0,30.0,5048.5,1021.4765625,5046.0,5052.694444444444,5049,6.694444444444343,-0.49499899979996,0.7222222222222222,1.0
1,58900,STARFRUIT,5051,1,5045.0,25.0,0.0,0.0,5052,25,0.0,0.0,0.0,0.0,5051.5,1020.947265625,5045.2307692307695,5052.0,5049,6.769230769230489,-0.4951,-0.9230769230769231,0.0
1,59000,STARFRUIT,5045,24,0.0,0.0,0.0,0.0,5052,24,0.0,0.0,0.0,0.0,5048.5,1027.884765625,5045.0,5052.0,5048,7.0,-0.4952,0.0,-1.0
1,59100,STARFRUIT,5045,21,0.0,0.0,0.0,0.0,5051,1,5052.0,20.0,0.0,0.0,5048.0,1027.2294921875,5045.0,5051.952380952381,5048,6.952380952380736,0.0,0.9090909090909091,0.0
1,59200,STARFRUIT,5049,10,5045.0,10.0,5044.0,23.0,5051,25,0.0,0.0,0.0,0.0,5050.0,1026.8603515625,5045.395348837209,5051.0,5048,5.604651162791015,-0.4952,-0.42857142857142855,0.0
1,59300,STARFRUIT,5044,22,0.0,0.0,0.0,0.0,5051,22,0.0,0.0,0.0,0.0,5047.5,1038.44140625,5044.0,5051.0,5048,7.0,-0.4952,0.0,0.0
1,59400,STARFRUIT,5045,23,0.0,0.0,0.0,0.0,5052,23,0.0,0.0,0.0,0.0,5048.5,1035.96875,5045.0,5052.0,5048,7.0,-0.4952,0.0,0.0
1,59500,STARFRUIT,5044,24,0.0,0.0,0.0,0.0,5051,24,0.0,0.0,0.0,0.0,5047.5,1039.265625,5044.0,5051.0,5048,7.0,0.0,0.0,0.0
1,59600,STARFRUIT,5045,1,5044.0,24.0,0.0,0.0,5051,25,0.0,0.0,0.0,0.0,5048.0,1037.84375,5044.04,5051.0,5048,6.960000000000036,-0.4952,-0.9230769230769231,0.0
1,59700,STARFRUIT,5050,1,5045.0,26.0,0.0,0.0,5052,26,0.0,0.0,0.0,0.0,5051.0,1034.83203125,5045.185185185185,5052.0,5049,6.814814814814781,-0.4951,-0.9259259259259259,1.0
1,59800,STARFRUIT,5044,24,0.0,0.0,0.0,0.0,5051,24,0.0,0.0,0.0,0.0,5047.5,1039.775390625,5044.0,5051.0,5048,7.0,-0.4952,0.0,-1.0
1,59900,STARFRUIT,5043,25,0.0,0.0,0.0,0.0,5048,4,5050.0,25.0,0.0,0.0,5045.5,1043.27734375,5043.0,5049.724137931034,5046,6.72413793103442,-0.0003961965134706702,0.7241379310344828,-2.0
1,60000,STARFRUIT,5044,6,5043.0,25.0,0.0,0.0,5050,26,0.0,0.0,0.0,0.0,5047.0,1048.2236328125,5043.193548387097,5050.0,5047,6.806451612903402,-0.49529999999999996,-0.625,1.0
1,60100,STARFRUIT,5044,1,5043.0,27.0,0.0,0.0,5050,28,0.0,0.0,0.0,0.0,5047.0,1048.06591796875,5043.035714285715,5050.0,5047,6.9642857142853245,-0.49519903980796154,-0.9310344827586207,0.0
1,60200,STARFRUIT,5044,1,5043.0,25.0,0.0,0.0,5050,1,5051.0,25.0,0.0,0.0,5047.0,1047.97314453125,5043.038461538462,5050.961538461538,5047,7.9230769230762235,-0.49529999999999996,0.0,0.0
1,60300,STARFRUIT,5044,1,5043.0,23.0,0.0,0.0,5050,24,0.0,0.0,0.0,0.0,5047.0,1048.15869140625,5043.041666666667,5050.0,5047,6.95833333333303,0.0,-0.92,0.0
1,60400,STARFRUIT,5043,24,0.0,0.0,0.0,0.0,5050,24,0.0,0.0,0.0,0.0,5046.5,1048.45166015625,5043.0,5050.0,5046,7.0,-0.49539999999999995,0.0,-1.0
1,60500,STARFRUIT,5043,25,0.0,0.0,0.0,0.0,5046,2,5050.0,25.0,0.0,0.0,5044.5,1048.75537109375,5043.0,5049.7037037037035,5046,6.703703703703468,-0.49539999999999995,0.8518518518518519,0.0
1,60600,STARFRUIT,5043,21,0.0,0.0,0.0,0.0,5049,1,5050.0,21.0,0.0,0.0,5046.0,1049.0908203125,5043.0,5049.954545454545,5046,6.954545454545041,-0.49539999999999995,0.9090909090909091,0.0
1,60700,STARFRUIT,5047,9,5042.0,24.0,0.0,0.0,5049,24,0.0,0.0,0.0,0.0,5048.0,1048.798828125,5043.363636363636,5049.0,5046,5.636363636363967,0.0,-0.45454545454545453,0.0
1,60800,STARFRUIT,5048,1,5042.0,28.0,0.0,0.0,5049,28,0.0,0.0,0.0,0.0,5048.5,1061.28515625,5042.206896551724,5049.0,5046,6.79310344827627,-0.49539999999999995,-0.9310344827586207,0.0
1,60900,STARFRUIT,5048,1,5042.0,29.0,0.0,0.0,5049,29,0.0,0.0,0.0,0.0,5048.5,1064.390625,5042.2,5049.0,5046,6.800000000000182,-0.49539999999999995,-0.9333333333333333,0.0
1,61000,STARFRUIT,5042,26,0.0,0.0,0.0,0.0,5049,26,0.0,0.0,0.0,0.0,5045.5,1065.7734375,5042.0,5049.0,5046,7.0,-0.49539999999999995,0.0,0.0
1,61100,STARFRUIT,5042,31,0.0,0.0,0.0,0.0,5049,31,0.0,0.0,0.0,0.0,5045.5,1066.19921875,5042.0,5049.0,5046,7.0,0.0,0.0,0.0
1,61200,STARFRUIT,5043,2,5042.0,22.0,0.0,0.0,5049,22,0.0,0.0,0.0,0.0,5046.0,1069.0078125,5042.083333333333,5049.0,5046,6.91666666666697,-0.49539999999999995,-0.8333333333333334,0.0
1,61300,STARFRUIT,5042,27,0.0,0.0,0.0,0.0,5049,27,0.0,0.0,0.0,0.0,5045.5,1063.1875,5042.0,5049.0,5046,7.0,-0.49539999999999995,0.0,0.0
1,61400,STARFRUIT,5042,28,0.0,0.0,0.0,0.0,5049,28,0.0,0.0,0.0,0.0,5045.5,1063.4296875,5042.0,5049.0,5046,7.0,-0.49539999999999995,0.0,0.0
1,61500,STARFRUIT,5048,1,5043.0,22.0,0.0,0.0,5050,22,0.0,0.0,0.0,0.0,5049.0,1058.3203125,5043.217391304348,5050.0,5047,6.782608695652016,0.00019817677368205722,-0.9130434782608695,1.0
1,61600,STARFRUIT,5044,1,5043.0,27.0,0.0,0.0,5050,1,5051.0,27.0,0.0,0.0,5047.0,1053.0,5043.035714285715,5050.964285714285,5047,7.928571428570649,-0.49529999999999996,0.0,0.0
1,61700,STARFRUIT,5044,23,0.0,0.0,0.0,0.0,5051,23,0.0,0.0,0.0,0.0,5047.5,1048.5859375,5044.0,5051.0,5048,7.0,-0.4952,0.0,1.0
1,61800,STARFRUIT,5044,25,0.0,0.0,0.0,0.0,5050,2,5051.0,24.0,0.0,0.0,5047.0,1051.2109375,5044.0,5050.923076923077,5047,6.923076923077133,-0.49529999999999996,0.8518518518518519,-1.0
1,61900,STARFRUIT,5043,28,0.0,0.0,0.0,0.0,5050,28,0.0,0.0,0.0,0.0,5046.5,1056.18359375,5043.0,5050.0,5046,7.0,-0.00019813750743014058,0.0,-1.0
1,62000,STARFRUIT,5043,24,0.0,0.0,0.0,0.0,5050,24,0.0,0.0,0.0,0.0,5046.5,1080.7080078125,5043.0,5050.0,5046,7.0,-0.49539999999999995,0.0,0.0
1,62100,STARFRUIT,5043,27,0.0,0.0,0.0,0.0,5050,27,0.0,0.0,0.0,0.0,5046.5,1080.9052734375,5043.0,5050.0,5046,7.0,-0.49539999999999995,0.0,0.0
1,62200,STARFRUIT,5044,2,5043.0,22.0,0.0,0.0,5048,1,5050.0,24.0,0.0,0.0,5046.0,1080.41015625,5043.083333333333,5049.92,5047,6.836666666667043,-0.49529999999999996,0.3333333333333333,1.0
1,62300,STARFRUIT,5043,21,0.0,0.0,0.0,0.0,5050,21,0.0,0.0,0.0,0.0,5046.5,1080.740234375,5043.0,5050.0,5046,7.0,-0.00019813750743014058,0.0,-1.0
1,62400,STARFRUIT,5043,24,0.0,0.0,0.0,0.0,5050,24,0.0,0.0,0.0,0.0,5046.5,1080.7333984375,5043.0,5050.0,5046,7.0,-0.49539999999999995,0.0,0.0
1,62500,STARFRUIT,5043,27,0.0,0.0,0.0,0.0,5049,2,5050.0,25.0,0.0,0.0,5046.0,1081.6279296875,5043.0,5049.925925925926,5046,6.925925925926094,-0.49539999999999995,0.8620689655172413,0.0
1,62600,STARFRUIT,5043,22,0.0,0.0,0.0,0.0,5050,22,0.0,0.0,0.0,0.0,5046.5,1080.923828125,5043.0,5050.0,5046,7.0,-0.49539999999999995,0.0,0.0
1,62700,STARFRUIT,5043,25,0.0,0.0,0.0,0.0,5050,25,0.0,0.0,0.0,0.0,5046.5,1081.375,5043.0,5050.0,5046,7.0,0.0,0.0,0.0
1,62800,STARFRUIT,5043,22,0.0,0.0,0.0,0.0,5050,22,0.0,0.0,0.0,0.0,5046.5,1121.265625,5043.0,5050.0,5046,7.0,-0.49539999999999995,0.0,0.0
1,62900,STARFRUIT,5044,2,5043.0,20.0,0.0,0.0,5050,2,5051.0,20.0,0.0,0.0,5047.0,1110.421875,5043.090909090909,5050.909090909091,5047,7.8181818181819835,-0.4954513645906228,0.0,1.0
1,63000,STARFRUIT,5043,30,0.0,0.0,0.0,0.0,5050,30,0.0,0.0,0.0,0.0,5046.5,1115.015625,5043.0,5050.0,5046,7.0,-0.49539999999999995,0.0,-1.0
1,63100,STARFRUIT,5042,30,0.0,0.0,0.0,0.0,5049,30,0.0,0.0,0.0,0.0,5045.5,1127.84375,5042.0,5049.0,5046,7.0,0.0,0.0,0.0
1,63200,STARFRUIT,5042,25,0.0,0.0,0.0,0.0,5049,25,0.0,0.0,0.0,0.0,5045.5,1136.078125,5042.0,5049.0,5046,7.0,-0.49539999999999995,0.0,0.0
1,63300,STARFRUIT,5047,1,5042.0,30.0,0.0,0.0,5049,30,0.0,0.0,0.0,0.0,5048.0,1139.8828125,5042.1612903225805,5049.0,5046,6.8387096774195015,-0.49539999999999995,-0.9354838709677419,0.0
1,63400,STARFRUIT,5043,2,5042.0,22.0,0.0,0.0,5049,24,0.0,0.0,0.0,0.0,5046.0,1130.5859375,5042.083333333333,5049.0,5046,6.91666666666697,0.0,-0.8461538461538461,0.0
1,63500,STARFRUIT,5043,3,5042.0,28.0,0.0,0.0,5049,28,0.0,0.0,0.0,0.0,5046.0,1137.328125,5042.096774193548,5049.0,5046,6.903225806451701,-0.49539999999999995,-0.8064516129032258,0.0
1,63600,STARFRUIT,5048,1,5042.0,22.0,0.0,0.0,5049,22,0.0,0.0,0.0,0.0,5048.5,1135.625,5042.260869565217,5049.0,5046,6.739130434782965,-0.49539999999999995,-0.9130434782608695,0.0
1,63700,STARFRUIT,5042,21,0.0,0.0,0.0,0.0,5045,5,5047.0,7.0,5049.0,21.0,5043.5,1133.171875,5042.0,5047.969696969697,5045,5.969696969696997,-0.49544954495449545,0.6153846153846154,-1.0
1,63800,STARFRUIT,5043,1,5042.0,27.0,0.0,0.0,5049,28,0.0,0.0,0.0,0.0,5046.0,1137.78125,5042.035714285715,5049.0,5046,6.9642857142853245,0.0001982160555005219,-0.9310344827586207,1.0
1,63900,STARFRUIT,5042,22,0.0,0.0,0.0,0.0,5045,2,5049.0,22.0,0.0,0.0,5043.5,1138.1640625,5042.0,5048.666666666667,5045,6.66666666666697,-0.49550000000000005,0.8333333333333334,-1.0
1,64000,STARFRUIT,5043,2,5042.0,30.0,0.0,0.0,5049,30,0.0,0.0,0.0,0.0,5046.0,1143.5859375,5042.0625,5049.0,5046,6.9375,-0.49539999999999995,-0.875,1.0
1,64100,STARFRUIT,5042,28,0.0,0.0,0.0,0.0,5047,4,5049.0,28.0,0.0,0.0,5044.5,1143.4609375,5042.0,5048.75,5045,6.75,-0.49550000000000005,0.75,-1.0
